7093 9649
203 365 85 33 Man
307 369 337 39 Drowned.—Early
663 370 162 38 yesterday
839 367 148 39 morning
1003 376 39 19 an
1060 365 173 30 individual

159 408 31 28 °f
206 413 50 31 the
274 424 91 20 name
386 414 33 30 of
431 413 117 39 Sharp,
562 414 170 39 belonging
750 417 31 27 to
800 411 208 41 Balthayock,
1025 409 162 39 employed
1202 414 31 25 at

238 460 154 36 dredging
419 458 145 30 machine
591 463 35 25 at
652 463 128 33 present
806 458 33 28 in
866 458 164 38 operation
1055 455 101 30 below
1181 454 52 28 the

321 502 101 39 Quay,
438 504 236 38 unfortunately
691 502 52 30 fell
770 504 66 28 into
854 502 54 30 the
932 502 82 30 river
1028 501 63 28 and
1110 499 60 28 lost
1184 498 49 28 his

159 537 58 36 life.
266 548 49 27 He
334 556 63 20 was
413 548 142 36 working
570 556 85 30 upon
672 556 60 20 one
748 548 33 27 of
797 548 52 28 the
866 546 121 38 barges,
1003 545 61 28 and
1082 545 24 28 it
1123 543 25 27 is
1161 551 72 28 sup-

156 591 91 30 Posed
266 592 112 28 missed
395 592 49 28 his
460 592 120 38 footing
595 592 63 30 and
680 592 121 38 slipped
825 592 66 28 into
910 589 52 30 the
980 591 139 28 current.
1167 586 66 30 The

156 635 145 41 horning
317 636 93 38 being
422 636 91 35 dark,
529 636 47 27 his
594 636 132 28 absence
740 644 61 20 was
817 638 58 25 not
891 631 180 31 discovered
1088 630 79 30 until
1186 630 49 28 his

156 679 90 30 fiame
263 690 61 20 was
340 680 113 31 called,
468 680 65 30 and
554 690 41 17 no
613 690 121 20 answer
757 680 162 28 returned.
967 677 69 30 The
1054 680 63 25 rest
1132 674 35 30 of
1181 674 54 30 the

156 723 68 28 men
241 723 74 31 then
332 724 213 38 immediately
556 729 82 25 went
649 723 123 33 ashore,
786 723 63 30 and
861 726 55 36 got
932 732 19 19 a
967 724 55 27 net
1038 720 77 30 with
1131 718 102 30 which

156 761 69 43 they
244 769 137 38 dragged
409 769 54 28 the
493 770 91 31 river,
609 769 63 30 and
698 769 80 28 after
808 772 61 25 two
888 767 112 28 hours*
1022 765 110 28 search
1165 773 68 19 sue.

156 811 113 30 ceeded
296 813 31 30 in
357 814 123 38 finding
507 813 55 30 the
589 813 80 39 body
701 811 33 30 of
764 811 82 30 their
879 811 208 30 unfortunate
1118 808 99 30 fellow-

156 855 170 31 workman.

258 954 93 30 THE
372 956 20 17 «
406 954 222 30 SENTINEL
690 954 61 30 ON
775 953 178 31 STRONG
978 951 142 30 DRINK.

200 997 68 31 Our
285 1000 118 28 serious
419 1000 99 28 friend
535 1000 35 28 of
584 1000 52 28 the
650 997 129 31 Sentinel
789 1000 115 36 having
915 1002 33 27 at
957 997 60 30 last
1030 1000 55 35 got
1096 995 137 39 through

157 1033 46 36 bis
219 1043 175 31 Christmas
411 1044 140 38 holidays
562 1044 63 28 and
638 1044 47 28 his
699 1041 206 31 New-Year's
918 1041 98 36 Balls,
1028 1041 54 28 has
1094 1041 140 28 directed

156 1082 52 31 the
225 1088 140 38 energies
383 1088 33 28 of
430 1088 47 28 his
493 1088 151 38 powerful
668 1088 63 27 and
756 1087 134 39 original
915 1087 87 28 mind
1030 1085 135 28 towards
1181 1085 54 28 the

154 1132 191 35 expiscation
364 1132 35 28 of
414 1132 52 28 the
480 1137 69 24 true
567 1137 112 24 nature
691 1132 35 28 of
739 1137 110 30 strong
860 1129 106 35 drink,
983 1129 76 28 with
1077 1129 157 28 reference

156 1172 30 28 to
203 1175 39 28 its
258 1175 106 31 effects
380 1186 39 19 on
438 1175 54 31 the
507 1175 123 39 earthly
654 1175 180 30 tabernacle
849 1173 170 41 generally,
1036 1173 63 28 and
1123 1181 39 19 on
1183 1173 52 28 the

156 1213 87 36 brain
260 1220 31 28 in
310 1222 181 35 particular.
528 1220 88 28 With
633 1220 55 28 the
704 1220 169 28 assistance
888 1219 35 28 of
937 1219 54 28 the
1005 1217 74 28 Rev.
1093 1216 35 27 \\
1139 1217 94 27 illiam

156 1255 104 38 Ferrie
277 1265 35 28 of
326 1265 52 28 the
395 1265 76 28 Free
482 1263 142 36 Church,
638 1265 63 28 and
712 1263 36 30 of
757 1263 69 30 that
839 1263 151 30 scientific
1003 1261 77 30 Free
1091 1260 143 31 Church-

154 1310 85 31 Bim,
255 1307 49 30 Sir
323 1309 99 28 David
441 1309 167 33 Brewster,
624 1318 58 19 our
706 1312 239 33 contemporary
972 1307 57 27 has
1055 1306 178 28 discovered

154 1354 83 27 some
255 1362 71 27 very
340 1353 197 31 astonishing
562 1353 61 28 and
647 1362 94 19 never
756 1351 271 30 before-heard-of
1038 1350 198 38 phenomena

156 1397 173 28 connected
346 1397 76 28 with
439 1397 69 28 that
526 1400 80 25 state
622 1397 33 28 of
676 1397 101 28 man's
800 1395 161 30 existence
976 1394 142 38 vulgarly
1134 1394 101 28 called

189 1441 112 28 mortal
504 1441 69 30 The
589 1441 153 28 scientific
772 1439 98 30 world
898 1439 65 28 will
986 1439 60 28 feel
1061 1438 124 38 obliged
1203 1441 31 25 to

156 1487 35 24 Us
208 1483 49 30 for
271 1485 107 38 giving
395 1485 85 30 them
498 1485 54 30 the
575 1485 99 30 result
699 1483 33 30 of
756 1493 58 20 our
827 1483 128 30 learned
970 1483 266 36 contemporary's

156 1529 184 36 Experience
356 1529 33 30 in
406 1529 49 30 his
469 1539 69 19 own
554 1529 112 35 words,
677 1529 135 28 without
822 1528 214 38 abridgment.
1082 1526 154 28 However

157 1573 172 30 wonderful
356 1573 55 30 the
441 1573 187 30 revelations
658 1573 76 28 here
762 1573 90 38 given
880 1581 71 27 may
978 1578 118 30 appear
1123 1573 31 25 to
1181 1569 55 30 the

156 1611 157 41 ignorant,
329 1617 54 30 the
409 1617 113 39 weight
551 1617 35 28 of
609 1617 50 30 Sir
688 1617 101 28 David
820 1614 184 30 Brewster's
1030 1622 91 22 name
1151 1617 85 25 must

156 1663 140 28 overrule
312 1663 43 28 all
367 1663 115 28 doubts
493 1663 63 28 and
567 1660 176 31 difficulties
757 1660 102 30 which
874 1660 74 38 they
959 1669 71 27 may
1041 1658 39 30 be
1096 1658 139 30 inclined

154 1704 31 27 to
203 1704 58 30 feel
279 1715 39 19 on
337 1706 54 30 the
406 1707 132 38 snbject.
584 1706 60 30 We
658 1715 76 28 copy
745 1704 80 30 from
838 1704 61 30 last
915 1702 113 30 week's
1041 1702 146 43 Sentinel:
1192 1718 43 6 —

231 1750 68 28 The
317 1751 157 38 following
491 1750 134 38 striking
641 1751 80 27 facts
735 1748 79 30 have
830 1748 80 30 been
932 1748 112 38 kindly
1060 1745 153 30 communi-

154 1795 88 27 cated
258 1797 31 27 to
307 1805 36 19 us
361 1795 38 38 by
416 1795 54 28 the
487 1795 76 28 Rev.
581 1794 139 28 William
751 1792 118 36 Ferrie,
898 1792 83 36 who,
1008 1791 77 30 with
1110 1791 55 30 the
1181 1800 35 20 ex-

154 1839 123 35 ception
296 1839 35 28 of
343 1849 17 19 a
386 1843 172 27 statement
584 1839 80 28 from
691 1838 52 30 Sir
767 1838 102 28 David
898 1836 169 35 Brewster,
1093 1835 140 30 received

154 1877 83 33 them
266 1882 80 30 from
373 1883 55 28 the
455 1883 60 38 lips
542 1882 33 30 of
598 1882 50 30 Mr
676 1882 126 35 Glover,
825 1891 19 19 a
869 1880 230 38 distinguished
1129 1888 106 30 young

154 1923 172 41 physician,
343 1928 74 28 with
436 1926 104 30 whom
570 1926 41 30 he
636 1926 96 39 lately
756 1929 93 36 spent
876 1934 39 20 an
943 1924 134 38 evening
1091 1923 31 28 in
1143 1923 68 30 New-

154 1970 299 39 castle-upon-Tyne
468 1981 9 25 *,
482 1975 52 19 —*
546 1970 178 30 Conversed
743 1970 74 30 with
836 1970 47 28 Dr
896 1969 117 30 Glover
1024 1969 63 28 this
1099 1967 134 38 evening

154 2019 38 22 on
211 2014 241 35 Drunkenness,
469 2025 35 19 or
521 2016 107 28 rather
644 2025 39 19 on
701 2014 55 31 the
773 2025 65 27 way
854 2014 33 28 in
906 2014 102 28 which
1024 2011 209 38 intoxicating

154 2052 117 43 liquors
291 2060 82 28 work
392 2069 82 28 upon
501 2060 55 30 the
583 2063 113 35 system
724 2063 33 25 to
786 2068 94 20 cause
904 2057 200 31 inebriation.
1164 2055 69 30 The

153 2096 117 36 Doctor
288 2104 164 30 remarked
471 2104 69 30 that
554 2104 123 28 alcohol
696 2104 55 28 has
767 2102 54 30 the
833 2102 93 30 effect
940 2102 33 30 of
986 2101 178 36 hardening
1178 2099 55 30 the

153 2140 203 38 brain—that
373 2148 183 30 anatomists
573 2148 148 38 knowing
745 2148 74 35 this,
841 2148 85 28 often
954 2150 85 35 steep
1068 2145 106 28 brains
1200 2145 31 28 in

151 2187 123 33 alcohol
293 2192 88 30 when
400 2192 71 38 they
491 2192 72 28 wish
584 2195 31 27 to
643 2194 115 28 dissect
786 2191 82 30 their
896 2191 91 28 fibres
1014 2189 77 30 with
1118 2189 115 38 nicety,

154 2233 99 31 which
274 2236 71 38 they
362 2241 118 25 cannot
496 2238 41 28 do
554 2236 104 30 unless
685 2236 74 38 they
786 2244 54 20 are
863 2235 173 30 somewhat
1060 2233 172 30 hardened.

151 2272 79 35 Now
247 2280 22 30 it
287 2280 25 30 is
329 2280 68 28 well
414 2280 115 28 known
548 2280 69 30 that
633 2280 123 30 alcohol
784 2280 25 28 is
836 2279 153 30 absorbed
1013 2279 38 36 by
1069 2277 52 30 the
1139 2277 91 28 blood

151 2321 87 31 when
258 2324 170 38 spirituous
444 2324 120 38 liquors
578 2334 55 20 are
649 2324 31 28 in
702 2324 54 30 the
772 2323 154 35 stomach,
948 2323 65 28 and
1028 2323 24 28 it
1069 2321 25 30 is
1109 2321 121 30 carried

151 2364 137 44 through
307 2367 54 30 the
376 2369 82 38 body
474 2378 33 19 as
523 2378 79 28 pure
619 2369 134 35 alcohol,
769 2369 63 28 and
849 2370 146 36 amongst
1017 2365 91 30 other
1126 2365 104 38 places

150 2409 31 28 to
200 2411 54 30 the
271 2414 91 28 heart
378 2414 61 28 and
458 2414 98 30 brain.
605 2413 80 39 Nay,
706 2413 39 30 he
764 2414 66 27 said
847 2413 69 30 that
932 2413 25 28 it
973 2413 25 28 is
1014 2409 216 41 questionable

150 2454 143 31 Whether
309 2458 123 27 alcohol
449 2458 74 28 does
539 2461 55 25 not
609 2458 93 28 affect
731 2457 54 28 the
813 2457 91 30 heart
931 2466 77 19 even
1036 2455 104 30 before
1164 2455 25 28 it
1206 2455 24 27 is

148 2496 151 33 absorbed
315 2501 68 28 into
398 2501 54 28 the
469 2502 104 30 blood.
619 2501 69 30 The
715 2510 217 30 consequence
961 2499 35 30 of
1016 2501 39 28 its
1082 2499 148 38 affecting

148 2540 54 31 the
219 2543 91 30 heart
326 2545 36 35 is,
378 2545 69 28 that
463 2545 25 30 it
504 2545 109 30 makes
628 2548 24 25 it
668 2545 77 30 send
762 2545 54 28 the
833 2543 91 30 blood
942 2543 83 30 forth
1050 2540 76 30 with
1143 2551 87 20 more

146 2581 85 36 force
249 2592 31 25 to
298 2589 54 28 the
367 2589 101 28 brain.
515 2589 77 30 This
614 2589 120 30 excites
756 2589 55 28 the
838 2589 102 31 brain,
967 2587 63 28 and
1058 2586 101 30 hence
1175 2586 55 28 the

150 2628 176 43 temporary
342 2631 69 39 glee
439 2633 35 28 of
496 2633 55 30 the
578 2633 191 30 debauchee.
816 2631 66 30 But
906 2631 91 30 when
1022 2630 55 30 the
1104 2630 124 30 alcohol

145 2677 132 28 reaches
293 2677 54 30 the
362 2677 90 28 brain
469 2677 94 35 itself,
580 2677 76 30 then
671 2677 25 30 it
712 2677 157 38 paralyses
896 2677 25 28 it
946 2680 31 25 to
1006 2685 19 19 a
1041 2674 120 30 certain
1178 2683 35 20 ex-

148 2718 80 36 tent,
243 2721 65 28 and
323 2731 33 19 so
370 2721 96 30 much
483 2731 35 20 so
534 2721 69 30 that
619 2721 55 30 the
685 2721 88 38 eight
786 2726 71 33 part
871 2721 36 28 of
920 2729 110 20 nerves
1039 2718 191 38 proceeding

148 2757 79 35 from
246 2764 54 30 the
312 2765 90 30 brain
419 2765 104 30 refuse
542 2770 31 25 to
597 2770 52 25 act
665 2775 85 28 upon
778 2765 55 30 the
860 2765 94 38 lungs
980 2765 33 28 in
1043 2764 80 30 their
1140 2764 88 28 usual

148 2809 142 35 manner,
306 2811 63 28 and
394 2809 99 30 hence
521 2809 54 30 the
600 2811 106 36 lungs,
729 2809 121 30 instead
877 2811 33 28 of
935 2808 134 39 sending
1091 2806 140 36 arterial,

148 2852 74 30 send
239 2854 72 38 only
331 2863 117 20 venous
463 2855 93 28 blood
573 2858 31 24 to
622 2854 54 30 the
691 2854 101 35 brain,
808 2854 91 30 when
918 2852 55 30 the
989 2854 88 28 brain
1096 2852 31 28 in
1156 2860 55 20 con-

148 2899 154 36 sequence
318 2899 143 28 becomes
477 2899 187 38 completely
682 2899 173 38 paralysed,
871 2899 63 27 and
961 2898 54 28 the
1038 2906 107 20 owner
1162 2896 33 28 of
1206 2896 25 28 it

146 2943 24 22 >s
187 2940 76 30 then
291 2943 8 14 '
312 2943 113 28 mortal
444 2943 128 30 drunk.'
594 2942 8 13 '
605 2943 58 28 —I
682 2951 69 30 may
773 2943 72 35 add,
861 2943 71 28 that
948 2942 52 31 Sir
1017 2942 41 28 D.
1076 2942 156 28 Brewster

148 2989 77 25 once
249 2986 181 30 mentioned
447 2991 31 25 to
496 2997 49 19 me
562 2986 71 30 that
647 2997 19 19 a
680 2997 71 19 man
770 2986 71 28 who
865 2986 61 30 had
945 2986 93 30 taken
1057 2995 17 19 a
1091 2986 54 28 bet
1162 2984 69 28 that

148 3020 38 35 be
203 3030 104 30 would
324 3030 94 30 drink
435 3030 46 30 off
490 3041 19 19 a
521 3030 101 30 whole
633 3030 101 30 bottle
745 3030 36 30 of
792 3030 120 39 brandy
926 3030 134 30 without
1071 3028 159 38 stopping,

148 3068 50 33 did
216 3082 33 20 so
266 3076 63 28 and
353 3076 72 28 died
452 3085 77 19 soon
556 3076 94 35 after,
677 3076 65 28 and
770 3074 69 30 that
868 3076 91 28 when
986 3074 50 30 his
1063 3074 88 28 brain
1170 3080 61 20 was

146 3118 132 33 opened,
299 3118 88 28 there
406 3129 61 19 was
485 3120 98 28 found
600 3120 31 28 in
649 3120 25 28 it
690 3118 102 30 either
814 3129 19 19 a
860 3121 52 27 tea
939 3129 61 27 cup
1028 3118 71 30 full,
1126 3126 36 19 or
1189 3123 41 20 an

143 3164 61 33 egg
220 3170 61 30 cup
299 3162 57 28 full
373 3161 31 43 (I
422 3162 102 38 forget
540 3162 120 41 which)
680 3164 33 28 of
737 3173 77 27 pure
836 3162 134 30 alcohol.
1016 3161 110 36 Surely
1143 3159 87 28 these

145 3198 79 35 facts
241 3206 99 38 ought
354 3211 31 25 to
402 3206 80 38 keep
510 3217 76 19 even
616 3208 54 28 the
694 3208 126 28 natural
849 3217 74 19 man
951 3208 79 28 from
1060 3202 170 38 indulging

145 3250 19 20 &
167 3254 39 31 ny
222 3258 87 20 more
326 3249 49 43 (as
392 3260 83 20 some
493 3252 87 30 often
597 3249 57 43 do)
671 3255 33 25 to
731 3260 109 22 excess
865 3252 31 28 in
921 3250 55 30 the
1005 3258 54 19 use
1083 3247 35 27 of
1143 3244 87 28 these

145 3288 178 43 dangerous
354 3294 117 38 things.
528 3298 9 13 '
556 3294 93 30 Wine
672 3296 27 27 is
724 3306 19 19 a
772 3294 129 30 mocker
915 3304 8 25 ;
946 3298 110 31 strong
1085 3288 93 30 drink
1203 3288 27 27 is

145 3339 16 19 r
164 3339 104 35 »ging,
285 3339 61 28 and
364 3340 181 28 whosoever
561 3340 25 27 is
602 3340 146 30 deceived
775 3340 41 38 by
839 3340 87 28 them
945 3337 25 28 is
986 3340 55 25 not
1060 3332 169 30 wise."'—

145 3375 350 46 I'rovcrbs.—Fifeshire
510 3384 139 30 Journal.

472 3480 79 52 Our
578 3480 184 52 Library
789 3480 157 52 Table.

142 3598 85 38 Two
247 3603 205 35 Discourses
466 3600 165 44 preached
646 3600 110 44 before
772 3600 55 36 the
844 3602 205 44 Presbytery
1063 3600 43 44 of
1115 3600 94 33 Edin-

186 3661 110 43 burgh
323 3672 44 24 on
398 3663 162 43 Tuesday
586 3663 13 30 1
605 3657 3 49 (
609 3661 55 35 Jth
698 3661 194 41 December,
923 3660 107 33 1843.
1080 3658 60 44 By
1170 3657 61 35 the

189 3718 90 36 Rev.
298 3720 159 35 George
476 3718 139 44 Smith,
643 3718 113 41 A.M.,
786 3718 180 44 Glasgow,
997 3715 169 36 Minister
1194 3715 43 36 of

194 3776 178 46 Penpont.

186 3833 106 33 These
307 3846 52 20 are
378 3836 52 30 the
446 3846 154 27 sermons,
614 3836 54 30 the
685 3836 173 38 preaching
874 3835 35 28 of
923 3833 118 38 which,
1055 3833 104 30 under
1178 3833 55 28 the

145 3891 162 35 operation
332 3891 35 28 of
395 3891 54 30 the
474 3891 74 28 Earl
576 3891 35 28 of
641 3891 194 28 Aberdeen's
866 3888 181 30 celebrated
1115 3885 117 30 Scotch

145 3935 148 39 benefice
430 3945 60 30 lost
515 3948 31 27 to
567 3943 55 30 Mr
638 3943 104 31 Smith
761 3943 54 30 the
830 3943 101 36 living
950 3940 33 30 of
1005 3940 54 28 the
1074 3935 159 31 Tolbooth

145 4000 118 38 parish,
279 4005 31 25 to
328 4000 102 30 which
446 4000 43 30 he
504 4000 63 30 had
583 4002 77 28 been
679 3998 167 39 presented
863 3998 41 36 by
915 3997 54 28 the
983 3995 99 27 Town
1096 3989 135 30 Council

143 4052 31 28 of
191 4055 195 41 Edinburgh.
438 4055 60 30 We
521 4055 93 30 think
633 4055 74 35 they
724 4052 104 28 would
854 4050 80 28 have
959 4046 131 31 secured
1110 4049 31 25 to
1164 4044 66 28 him

143 4107 113 33 almost
274 4121 60 28 any
350 4112 91 30 other
457 4110 104 39 parish
581 4109 30 28 in
625 4106 153 31 Scotland
795 4109 31 27 to
844 4102 106 30 which
964 4102 25 28 it
1005 4101 63 28 had
1087 4099 79 30 been
1184 4099 49 30 his

142 4157 102 38 better
260 4167 126 30 fortune
403 4170 31 27 to
452 4167 77 30 have
546 4162 148 33 obtained
712 4173 17 19 a
746 4159 228 43 presentation.

187 4222 90 30 Three
294 4222 153 30 members
463 4222 35 30 of
520 4222 52 30 the
591 4219 154 31 Tolbooth
767 4217 238 41 congregation,
1031 4214 31 30 in
1088 4213 142 31 addition

140 4272 31 30 to
191 4285 69 30 very
277 4279 118 28 serious
409 4280 173 38 objections
608 4282 33 25 to
657 4277 50 30 his
723 4285 134 20 manner
874 4274 33 30 of
932 4274 175 36 delivering
1131 4271 102 36 them,

142 4328 143 43 objected
302 4335 69 27 that
438 4335 126 28 neither
592 4334 161 28 discourse
780 4342 63 20 was
866 4329 93 31 fitted
983 4332 33 27 to
1041 4329 77 38 drag
1134 4331 50 27 out
1203 4332 30 25 to

142 4380 120 38 church
279 4387 54 30 the
351 4398 128 28 persons
498 4387 74 30 with
592 4387 102 31 whom
715 4387 54 30 the
786 4386 146 30 minister
951 4384 33 30 of
998 4384 54 30 the
1072 4383 159 30 Tolbooth

142 4439 104 31 Parish
271 4443 104 30 would
403 4443 79 30 have
510 4447 31 25 to
570 4444 60 35 do;
654 4443 76 33 and,
756 4441 33 30 in
819 4439 187 39 particular,
1036 4439 72 28 that
1186 4438 49 28 his

140 4496 115 31 second
274 4499 157 28 discourse
452 4509 61 19 was
529 4507 87 20 more
633 4499 88 28 fitted
740 4498 47 28 for
803 4507 41 19 an
868 4496 156 36 assembly
1039 4494 35 30 of
1096 4493 118 39 philoso-

142 4545 96 36 phers
266 4554 77 30 than
373 4554 54 30 the
457 4554 213 38 parishioners
698 4551 33 30 of
757 4551 54 30 the
828 4548 197 33 Tolbooth.''
1071 4550 77 28 And
1178 4548 55 30 the

140 4595 186 52 I'resbytery
342 4609 36 30 of
405 4608 202 39 Edinburgh,
635 4608 82 30 after
743 4617 19 19 a
791 4606 121 31 serious
943 4605 231 31 consideration
1200 4605 36 28 of

140 4655 82 33 their
238 4668 181 31 statement,
430 4663 203 38 deliberately
646 4663 99 30 found
764 4663 69 28 that
882 4663 52 28 the
951 4661 159 38 objection
1126 4660 106 30 stated

142 4707 38 41 by
197 4715 54 31 the
266 4718 156 38 objectors
447 4718 25 28 is
491 4717 68 30 well
589 4717 139 28 founded
756 4718 63 28 and
846 4715 202 36 substantial,
1074 4713 63 30 and
1162 4713 71 30 that

142 4764 54 35 the
213 4772 66 30 said
304 4776 164 35 presentee
493 4773 25 28 is
534 4775 55 25 not
605 4781 19 19 a
639 4770 154 38 qualified
809 4770 63 28 and
899 4769 134 30 suitable
1052 4778 112 28 person
1184 4769 49 28 for

140 4819 54 33 the
211 4825 161 31 functions
387 4828 35 28 of
444 4828 54 28 the
517 4828 142 35 ministry
676 4825 31 27 in
731 4824 54 28 the
808 4824 107 38 parish
934 4822 33 30 of
989 4822 55 30 the
1063 4822 170 35 Tolbooth,

142 4879 61 28 and
220 4883 101 38 ought
339 4888 55 25 not
411 4887 33 25 to
460 4883 38 28 be
517 4882 113 30 settled
649 4882 30 28 in
698 4880 54 30 the
769 4888 83 20 same
868 4888 9 27 ;
902 4879 31 28 in
951 4880 124 36 respect
1093 4877 82 35 that,
1200 4877 31 30 in

142 4929 54 33 the
222 4935 170 41 judgment
419 4939 35 30 of
479 4937 54 31 the
561 4937 198 41 Presbytery,
786 4935 55 31 the
871 4929 192 47 presentee's
1094 4934 79 39 style
1200 4934 35 30 of

142 4989 176 41 preaching
339 4994 61 27 and
419 5000 132 22 manner
567 4992 35 30 of
624 4991 205 39 expounding
846 4989 55 30 the
918 4989 191 39 Scriptures,
1134 4989 25 28 is
1176 4994 55 24 not

145 5036 77 36 level
241 5049 30 25 to
288 5047 54 30 the
359 5047 169 38 capacities
548 5047 35 30 of
603 5047 54 30 the
672 5047 213 38 parishioners
901 5044 170 41 generally,
1096 5052 58 20 nor
1170 5043 47 30 cal-

142 5098 126 33 culated
285 5107 33 25 to
334 5104 137 28 instruct
488 5104 61 28 and
565 5102 83 39 edify
666 5099 109 33 them.'
780 5102 9 14 1

184 5153 91 38 Now,
290 5157 25 30 if
331 5159 61 30 this
408 5159 25 28 is
450 5159 54 28 the
523 5167 65 28 way
600 5157 33 30 in
646 5157 102 30 which
767 5156 85 30 Lord
872 5151 197 33 Aberdeen's
1088 5153 65 28 Bill
1172 5162 58 19 can

143 5203 38 35 he
198 5214 124 30 worked
342 5214 38 38 by
403 5225 19 17 a
446 5214 244 38 comparatively
709 5213 165 28 Moderate
891 5211 198 36 Presbytery,
1117 5217 46 19 we
1178 5217 55 19 are

142 5261 148 38 thankful
313 5272 25 27 it
357 5282 58 19 was
433 5274 57 27 not
506 5271 31 28 in
564 5271 162 38 operation
751 5269 106 30 before
883 5269 55 30 the
956 5266 200 38 disruption;
1183 5265 50 30 for

142 5315 27 31 if
181 5321 52 33 the
254 5326 99 30 Muirs
370 5328 61 28 and
449 5326 164 39 Simpsons
627 5326 36 28 of
677 5326 54 30 the
750 5329 165 27 remanent
931 5321 132 33 Church
1082 5321 79 30 have
1180 5321 54 30 the

142 5380 107 33 power
265 5386 31 24 to
313 5383 98 39 reject
428 5381 77 30 such
523 5392 19 19 a
557 5384 165 35 presentee
748 5391 33 20 as
802 5380 50 30 Mr
877 5380 118 35 Smith,
1016 5387 87 30 upon
1120 5376 77 30 such
1216 5386 17 20 a

142 5433 249 36 representation
411 5436 38 39 by
466 5436 76 30 three
564 5436 191 30 individuals
772 5436 31 28 in
820 5444 17 19 a
855 5433 154 41 populous
1025 5431 120 41 parish,
1161 5431 71 30 how

142 5488 106 30 would
277 5493 52 28 the
356 5491 187 30 G'andlishes
572 5491 63 30 and
665 5491 243 38 Cunninghams
926 5490 33 30 of
986 5490 55 30 the
1068 5491 69 35 past
1161 5488 69 38 day,

142 5535 121 41 hacked
291 5550 39 36 by
348 5548 52 30 the
419 5546 71 31 wild
515 5546 87 30 hosts
619 5546 69 30 who
713 5546 146 30 followed
877 5546 98 33 them,
1000 5545 79 30 have
1096 5543 137 30 revelled

143 5602 33 24 •n
195 5600 52 31 the
266 5603 150 38 rejection
446 5603 35 28 of
504 5611 91 30 every
619 5606 178 33 presentee,
822 5602 145 28 however
1003 5598 140 31 talented
1170 5598 63 30 and

142 5652 104 41 pious,
276 5660 69 28 who
361 5658 54 30 did
431 5661 57 27 not
518 5668 39 28 go
575 5658 52 30 the
646 5657 99 30 whole
775 5657 65 38 hog
863 5655 77 30 with
967 5655 85 30 them
1068 5654 8 30 !
1113 5652 120 39 Verily,

142 5706 93 35 there
263 5718 85 25 must
378 5713 120 28 remain
526 5713 30 27 in
586 5712 55 28 the
671 5710 222 38 metropolitan
923 5710 186 38 Presbytery
1135 5707 94 30 much

145 5767 88 28 more
249 5767 35 28 of
309 5767 54 30 the
378 5767 110 30 leaven
512 5767 33 30 of
572 5765 79 30 rank
674 5765 313 30 Non-Intrusionism
1005 5762 79 30 than
1102 5770 46 22 we
1170 5762 63 28 had

146 5822 170 36 Opposed.

194 5874 104 33 When
318 5888 44 19 wo
380 5877 74 30 took
480 5888 44 27 tip
553 5877 55 28 Mr
630 5877 131 30 Smith's
787 5885 142 20 sermons
956 5874 49 30 for
1027 5872 137 41 perusal,
1187 5880 46 20 we

148 5932 82 25 wero
246 5935 153 38 prepared
416 5939 31 27 to
469 5934 66 30 find
564 5934 87 28 them
674 5932 180 38 something
882 5931 63 30 like
970 5929 49 30 Dr
1043 5929 191 30 Chalmers's

145 5978 123 39 famous
279 5989 233 30 Astronomical
529 5989 194 35 Discourses,
734 5987 91 30 fitted
841 5987 74 38 only
965 5986 49 28 for
1027 5994 39 20 an
1080 5981 153 38 assembly

146 6038 35 28 °f
493 6044 58 28 We
570 6054 57 20 can
644 6052 54 28 say
713 6043 135 35 nothing
871 6041 36 27 of
929 6039 52 28 Mr
997 6038 129 28 Smith's
1143 6044 66 19 man-

145 6104 60 22 ner
220 6098 33 28 of
268 6098 173 36 delivering
457 6098 98 31 them,
572 6107 58 17 nor
646 6096 33 28 of
701 6096 47 27 his
765 6093 172 38 possession
954 6101 36 19 or
1008 6094 85 24 want
1109 6088 35 30 of
1159 6088 71 28 that

148 6150 231 35 indescribable
395 6150 120 39 quality
534 6148 99 30 called
657 6150 20 14 •'
883 6145 115 33 which,
1022 6143 63 30 like
1101 6143 132 36 charity,

151 6216 109 24 covers
277 6219 17 20 a
309 6205 170 33 multitude
498 6203 33 30 of
553 6203 63 28 sins
633 6200 33 31 of
690 6200 148 36 pmission
863 6200 63 28 and
950 6198 198 30 commission
1167 6198 31 27 in
1216 6206 17 19 a

153 6266 135 38 popular
304 6261 153 43 preacher
472 6271 9 27 ;
506 6261 57 30 but
580 6258 35 31 of
638 6258 57 30 the
717 6266 140 22 sermons
879 6255 187 31 themselves
1082 6263 46 22 we
1156 6254 79 30 have

153 6324 41 24 no
211 6321 169 31 hesitation
397 6321 31 28 in
450 6320 120 39 saying,
586 6318 71 30 that
671 6315 77 31 both
765 6315 68 31 first
849 6315 63 30 and
929 6313 115 31 second
1061 6313 173 30 discourses

153 6378 54 25 are
219 6376 68 38 just
304 6376 52 30 the
373 6384 123 22 reverse
512 6375 35 28 of
567 6373 54 30 the
638 6372 191 39 description
852 6372 90 39 given
961 6370 33 30 of
1016 6370 85 30 them
1128 6369 38 41 by
1181 6367 55 31 the

153 6427 90 36 three
258 6433 156 39 objectors
430 6430 63 30 and
510 6430 54 30 the
589 6428 197 38 Presbytery,
813 6427 68 30 who
898 6427 76 31 take
991 6436 83 28 upon
1099 6425 87 30 them
1205 6428 31 27 to

151 6480 96 43 judge
266 6488 61 30 and
345 6485 110 30 decide
471 6485 47 30 for
535 6496 17 17 a
581 6485 154 39 populous
759 6483 117 38 parish.
923 6482 63 30 For
1002 6482 76 28 both
1104 6482 30 27 in
1159 6480 79 38 style

153 6543 61 28 and
241 6546 115 27 matter
381 6542 72 36 they
469 6550 54 20 are
542 6540 98 39 plain,
661 6539 80 36 able,
775 6537 165 39 practical,
961 6535 192 38 evangelical
1178 6535 44 28 dis-

153 6600 140 33 courses,
307 6597 77 30 level
403 6600 31 25 to
454 6595 52 30 the
524 6595 180 38 capacities,
729 6595 65 28 and
811 6594 71 30 well
907 6589 175 33 calculated
1107 6592 33 27 to
1156 6589 82 39 edify

153 6649 54 33 the
224 6652 157 31 humblest
397 6655 134 35 country
540 6650 224 41 congregation
778 6650 33 30 in
825 6650 162 30 Scotland.
1036 6646 68 30 The
1120 6644 99 30 follow-

153 6701 55 44 ing
224 6712 124 27 extract
364 6707 25 30 is
405 6718 19 19 a
441 6707 57 30 fair
515 6707 157 38 specimen
690 6707 35 28 of
740 6706 54 30 the
855 6704 115 31 second
987 6704 157 30 discourse
1195 6718 43 6 —

230 6762 47 30 To
293 6762 52 28 the
359 6762 106 28 carnal
483 6762 87 27 mind
586 6762 25 27 it
625 6769 131 28 appears
772 6759 172 30 incredible
957 6759 69 28 that
1041 6756 68 28 God
1126 6754 112 27 should

156 6798 69 30 take
241 6811 85 28 upon
350 6802 65 27 him
430 6800 52 28 the
507 6803 112 25 nature
644 6800 35 28 of
701 6809 82 24 inan,
808 6800 60 28 and
893 6800 77 33 that,
994 6798 33 27 in
1052 6795 49 28 his
1121 6794 117 28 human

154 6843 121 31 nature,
291 6841 38 28 he
342 6839 112 30 should
479 6839 96 28 suffer
600 6839 90 28 death
707 6841 33 27 at
754 6839 52 28 the
822 6838 98 28 hands
939 6838 36 28 of
994 6844 71 22 men
1082 6833 98 28 whom
1203 6833 35 28 he

153 6883 87 25 came
254 6885 33 24 to
304 6879 113 28 benefit
439 6879 61 28 and
528 6887 87 25 save;
636 6879 50 28 for
701 6879 52 27 the
767 6877 129 28 natural
920 6885 72 19 man
1006 6872 153 31 receiveth
1181 6874 57 25 not

154 6915 52 31 the
220 6920 106 36 things
342 6918 36 28 of
398 6918 52 28 the
466 6918 110 36 Spirit.
619 6917 88 28 Even
723 6915 28 30 if
769 6918 52 28 the
835 6917 165 36 Almighty
1009 6912 90 31 could
1115 6910 38 28 be
1167 6918 54 28 sup-

156 6959 91 30 posed
266 6962 31 25 to
321 6959 76 28 have
411 6956 140 28 assumed
567 6965 19 19 a
600 6956 117 28 human
732 6956 93 33 form,
849 6956 27 28 it
901 6964 96 20 seems
1019 6956 33 25 to
1069 6951 83 28 them
1169 6959 52 27 pre-

156 6998 167 30 posterous
339 7000 33 25 to
397 6995 117 30 believe
535 6995 69 28 that
627 6995 63 28 this
704 6995 118 28 mortal
846 6995 83 27 form
945 6992 93 30 could
1061 6992 77 27 have
1161 6989 74 28 been

157 7038 88 27 made
260 7036 93 30 liable
369 7039 31 24 to
414 7036 104 27 death.
561 7035 85 36 They
660 7044 55 19 are
737 7035 194 28 accustomed
951 7038 35 24 to
1000 7030 150 31 associate
1164 7028 74 27 such

156 7077 36 25 an
208 7079 90 25 event
315 7076 71 28 with
403 7074 52 28 the
468 7074 68 30 idea
545 7074 36 28 of
595 7074 231 38 unwillingness
843 7072 61 30 and
918 7071 197 39 compulsion
1131 7077 41 19 on
1189 7068 50 28 the

157 7117 69 28 Part
241 7115 36 28 of
290 7115 52 28 the
365 7113 142 35 sufferer,
534 7113 58 28 and
619 7113 71 27 with
715 7113 55 27 the
792 7113 178 28 reluctance
989 7115 33 25 at
1036 7109 90 30 death
1142 7107 96 28 which

154 7156 91 33 every
260 7162 83 22 mere
357 7162 72 19 man
446 7156 85 25 must
545 7151 79 35 feel;
646 7154 57 27 but
718 7153 60 28 this
792 7153 27 28 is
833 7161 39 19 an
896 7151 175 38 important
1093 7148 90 36 point
1206 7150 31 25 to

156 7191 93 35 ®hich
266 7195 71 35 they
351 7194 39 28 do
408 7197 55 24 not
477 7192 118 33 advert,
619 7192 27 28 it
660 7192 27 27 is
709 7192 143 27 involved
868 7192 33 27 in
918 7192 52 27 the
984 7189 63 28 fact
1061 7186 94 35 itself,
1178 7186 60 28 and

157 7235 28 24 'n
203 7233 54 28 the
271 7238 112 31 system
400 7231 35 30 of
455 7231 96 28 which
567 7231 25 28 it
614 7231 24 28 is
655 7230 52 30 the
720 7230 198 35 foundation,
942 7230 71 28 that
1035 7228 52 28 the
1101 7225 91 30 death
1206 7225 36 27 of

159 7266 107 33 Christ
279 7280 85 28 upon
381 7272 52 27 the
446 7280 88 19 cross
548 7279 58 20 wa3
622 7279 16 19 a
654 7269 65 28 free
732 7271 60 27 and
809 7269 169 35 voluntary
989 7266 176 30 surrender.
1209 7263 31 30 It

156 7302 58 35 had
228 7312 76 27 been
321 7310 170 36 stipulated
507 7310 82 27 from
605 7310 44 27 all
666 7310 135 31 eternity
816 7309 69 28 that
898 7309 69 28 God
983 7309 52 28 the
1050 7307 117 28 Father
1181 7313 58 19 was

156 7348 33 25 to
205 7354 104 30 accept
324 7350 52 27 the
392 7348 137 30 sacrifice
543 7348 36 28 of
598 7348 69 28 God
685 7348 52 28 the
753 7348 74 33 Son,
850 7348 60 27 and
937 7348 68 27 that
1019 7346 93 28 Jesus
1126 7353 60 19 was
1206 7346 33 25 to

156 7384 79 30 offer
250 7395 39 28 up
307 7387 47 25 his
370 7384 55 27 life
433 7392 19 19 a
463 7384 139 27 sacrifice
613 7387 50 24 for
674 7386 52 27 the
737 7386 63 27 sins
809 7386 36 25 of
857 7386 169 30 mankind;
1046 7384 61 25 and
1120 7381 118 36 though

157 7420 24 30 it
197 7427 71 27 does
285 7428 55 24 not
354 7424 148 30 diminish
513 7422 54 28 the
580 7424 83 35 guilt
672 7422 36 28 of
720 7424 88 27 those
819 7422 66 28 who
896 7422 153 28 delivered
1061 7422 54 27 the
1128 7419 113 30 Prince

159 7463 36 27 of
208 7465 69 28 Life
291 7463 60 30 and
367 7466 57 33 put
438 7463 65 27 him
518 7465 33 25 to
567 7471 38 19 an
630 7461 213 38 ignominious
857 7461 102 35 death,
983 7463 50 33 yet
1047 7461 25 27 it
1096 7463 145 33 presents

159 7507 38 24 an
214 7504 186 30 instructive
414 7502 104 30 lesson
534 7502 36 28 of
589 7502 52 28 the
655 7502 183 28 wickedness
852 7501 36 30 of
910 7510 82 25 man,
1016 7499 164 30 overruled
1200 7498 39 38 by

194 7543 50 28 the
258 7543 205 28 determinate
477 7542 126 28 counsel
630 7542 60 28 and
707 7540 244 36 foreknowledge
965 7540 36 27 of
1139 7537 36 30 of
1197 7537 43 28 its

159 7575 90 44 being
272 7584 88 27 made
375 7581 197 30 subservient
586 7584 31 25 to
633 7581 52 28 the
699 7587 153 30 purposes
866 7578 36 28 of
924 7578 123 28 infinite
1063 7578 137 33 wisdom,
1203 7592 36 6 —

161 7614 25 30 it
200 7622 131 28 exhibits
345 7630 38 19 an
397 7620 139 28 eminent
546 7619 142 36 example
696 7619 38 28 of
745 7619 52 28 the
808 7617 96 28 wrath
917 7617 36 30 of
964 7625 71 20 man
1050 7617 91 36 being
1153 7617 88 27 made

161 7657 33 28 to
211 7661 137 27 redound
365 7663 31 25 to
414 7661 52 27 the
479 7658 91 38 glory
584 7658 38 28 of
639 7658 79 28 God.
761 7658 85 33 This,
871 7666 60 25 you
948 7666 52 19 are
1014 7665 106 27 aware,
1143 7657 27 27 is
1184 7657 54 27 the

161 7699 140 30 peculiar
315 7699 60 28 and
391 7699 231 28 characteristic
636 7699 61 27 fact
712 7696 36 30 of
767 7696 52 28 the
841 7696 120 36 gospel,
986 7696 58 27 and
1068 7696 25 27 it
1109 7696 25 27 is
1156 7704 85 27 upon

161 7735 61 30 this
238 7740 63 27 fact
317 7740 66 27 that
400 7739 39 27 its
463 7737 139 38 peculiar
616 7737 156 28 doctrincs
794 7745 52 19 are
866 7735 148 28 founded.
1055 7735 31 27 It
1101 7735 25 27 is
1142 7743 83 19 neces-

164 7780 79 35 sary,
258 7778 164 35 therefore,
446 7778 69 27 that
540 7786 60 27 you
620 7776 117 35 clearly
753 7775 189 28 understand
967 7775 41 27 its
1031 7773 118 36 design.
1192 7773 52 27 He

161 7811 69 33 died
246 7817 50 28 for
310 7825 60 19 our
381 7817 74 30 sins,
468 7817 167 35 according
649 7819 31 24 to
693 7816 52 27 the
761 7814 191 36 Scriptures.
992 7813 61 28 Ilis
1063 7813 90 27 death
1169 7811 74 28 then

161 7857 24 19 w
189 7861 33 22 as
244 7866 38 19 an
298 7858 184 27 atonement
496 7855 49 28 for
570 7855 58 30 sin,
652 7855 60 28 and
737 7854 142 35 designed
896 7857 33 24 to
951 7852 90 28 make
1063 7854 181 27 atonement

164 7888 52 33 for
231 7896 50 28 the
298 7896 65 28 sins
376 7894 35 28 of
424 7894 43 28 all
483 7894 88 28 those
586 7894 65 27 who
666 7893 115 28 believe
794 7893 33 28 in
844 7893 41 27 its
898 7891 137 35 efficacy;
1055 7891 57 27 but
1126 7893 33 25 at
1173 7890 71 28 first

165 7926 25 30 it
206 7942 68 28 may
290 7937 57 25 not
361 7935 36 27 be
408 7934 83 28 clear
504 7935 66 25 how
583 7934 52 27 the
646 7935 181 25 atonement
838 7931 36 28 of
885 7931 109 28 Christ
1008 7929 121 35 should,
1142 7929 102 36 singly

164 7973 61 27 and
241 7975 101 31 alone,
356 7973 106 28 suffice
476 7973 50 27 for
542 7973 47 27 sin
605 7973 35 27 of
660 7973 74 27 such
756 7970 230 30 inconceivable
997 7973 117 27 extent,
1134 7969 60 27 and
1211 7978 33 17 so

165 8006 150 38 fearfully
329 8011 186 38 aggravated
528 8019 8 25 ;
557 8014 60 31 yet,
643 8011 85 28 when
742 8019 41 19 we
797 8009 170 28 remember
981 8009 52 27 the
1052 8006 120 38 perfect
1184 8006 60 28 and

167 8052 132 31 Spotless
315 8052 106 36 purity
435 8050 36 28 of
490 8052 52 27 the
556 8050 117 27 human
690 8052 112 25 nature
814 8049 36 28 of
872 8049 52 28 the
943 8047 142 33 Saviour,
1110 8046 60 28 and
1194 8046 52 28 the

170 8088 120 38 efficacy
306 8099 36 19 or
357 8091 102 27 virtue
479 8090 140 36 imputed
633 8093 33 24 to
688 8088 54 27 the
764 8087 146 35 sacrifice,
935 8085 83 28 from
1035 8085 52 28 the
1101 8085 96 28 union
1214 8085 35 28 of

169 8126 55 28 the
235 8129 115 28 human
375 8132 112 25 nature
501 8129 71 27 with
589 8129 52 27 the
663 8126 115 33 divine,
800 8126 83 27 these
901 8124 112 28 doubts
1038 8124 208 35 immediately

167 8167 120 31 Danish.
329 8169 50 28 lie
395 8178 58 19 was
468 8167 83 36 holy,
565 8167 162 33 harmless,
751 8164 164 35 undefiled,
932 8162 60 28 and
1009 8165 142 33 separate
1162 8162 83 30 from

170 8203 142 38 sinners;
332 8209 38 27 he
392 8209 52 27 did
461 8217 39 19 no
523 8206 148 33 violence,
698 8203 121 28 neither
835 8213 57 19 was
915 8211 60 27 any
989 8203 99 27 deceit
1102 8203 94 27 found
1214 8203 31 27 in

169 8239 49 33 bis
233 8247 109 27 mouth
394 8247 52 27 He
461 8255 58 19 was
535 8247 30 27 in
586 8247 54 27 the
655 8244 79 28 form
748 8243 35 30 of
802 8243 69 28 God
883 8239 6 41 ;
912 8241 60 30 and
989 8241 118 39 though
1123 8250 41 20 we
1178 8250 52 19 can-

172 8285 57 27 lot
243 8285 206 38 comprehend
465 8294 33 19 so
512 8285 79 36 lofty
602 8293 17 20 a
633 8283 118 38 subject
764 8291 33 19 as
811 8283 52 28 the
876 8283 99 27 union
992 8280 35 30 of
1039 8283 50 27 the
1101 8280 146 30 Godhead

170 8321 71 31 *ith
257 8335 82 24 man,
364 8324 50 30 for
438 8329 88 33 great
540 8326 27 27 is
592 8324 52 27 the
658 8326 137 33 mystery
808 8323 38 28 of
863 8323 156 36 godliness
1043 8321 31 28 in
1098 8321 66 27 that
1180 8318 69 30 God

173 8364 24 20 w
200 8370 31 19 as
246 8365 146 27 manifest
416 8365 30 27 in
465 8365 54 27 the
542 8364 88 31 flesh,
654 8372 60 19 nor
734 8362 184 36 adequately
931 8362 124 36 explain
1077 8361 52 28 the
1142 8357 106 30 effects

172 8403 17 19 r
191 8403 135 38 esulting
348 8403 82 28 from
454 8403 54 27 the
531 8403 107 33 union,
666 8405 50 31 yet
739 8409 74 19 even
838 8409 60 19 our
923 8400 80 28 weak
1027 8400 113 30 minds,
1164 8398 85 25 when

172 8436 112 41 taught
296 8443 36 28 of
348 8443 52 28 the
425 8441 110 39 Spirit,
559 8450 68 27 may
641 8441 142 36 perceive
805 8441 69 28 that
898 8441 87 28 there
1009 8439 25 27 is
1050 8436 124 36 thereby
1192 8436 38 27 im-

170 8479 109 31 parted
296 8485 33 25 to
343 8483 61 27 this
428 8480 137 28 sacrifice
578 8490 19 19 a
613 8482 102 27 virtue
728 8480 61 27 and
813 8480 124 35 efficacy
951 8479 35 28 of
1008 8476 167 30 boundless
1189 8472 60 30 and

175 8518 255 30 'mnieasureable

217 8569 110 43 Truly,
359 8573 54 30 the
444 8572 110 39 people
587 8572 183 39 composing
800 8570 55 30 the
879 8567 222 41 congregation
1134 8564 33 31 of
1197 8562 54 31 the

175 8617 156 39 Tolbootli
348 8628 129 30 Church
496 8630 85 25 must
605 8628 36 27 be
660 8636 69 27 very
748 8627 46 28 far
811 8625 79 30 back
907 8625 31 28 in
959 8624 87 39 point
1063 8622 33 28 of
1110 8619 142 31 intellect

172 8680 20 20 a
194 8680 39 28 nd
252 8682 214 36 information,
480 8691 36 20 or
532 8682 54 30 the
603 8680 186 39 Presbytery
798 8685 83 25 must
899 8680 77 28 have
994 8688 17 20 a
1027 8674 225 39 contemptible

173 8732 128 35 opinion
324 8737 33 30 of
381 8737 82 30 their
485 8737 170 38 capability
677 8737 35 28 of
729 8735 159 38 receiving
910 8734 202 31 instruction,
1135 8731 25 28 if
1181 8729 72 38 they

175 8792 145 30 consider
331 8792 63 30 this
405 8792 80 38 style
498 8792 35 30 of
542 8792 170 39 preaching
824 8791 77 30 level
917 8795 30 24 to
959 8789 80 31 their
1052 8783 191 43 capacities.'
1247 8784 8 11 1

698 8847 33 25 ♦

181 8880 142 43 Ireland
337 8891 110 38 before
463 8891 71 33 and
548 8890 93 43 after
663 8888 55 33 the
740 8890 115 31 Union
874 8888 79 33 with
972 8888 110 33 Great
1101 8883 154 33 Britain.

438 8950 52 44 By
510 8948 274 33 Montgomery
805 8946 178 33 Martin.

222 9000 36 33 Tn
277 9017 19 19 a
323 9009 117 28 former
455 9017 98 30 paper
580 9017 46 19 we
641 9006 61 30 had
731 9017 39 19 an
787 9006 205 38 opportunity
1008 9005 31 28 of
1057 9000 198 36 mentioning

178 9052 14 25 t
206 9065 25 20 le
247 9069 90 28 great
362 9065 93 28 merit
482 9063 36 30 of
531 9063 54 30 the
614 9066 61 25 two
699 9061 69 30 first
786 9061 151 30 numbers
953 9061 33 27 of
998 9060 61 28 this
1079 9057 99 35 work,
1195 9055 60 30 and

180 9113 76 30 Save
272 9126 83 24 some
383 9123 140 25 extracts
553 9118 77 28 from
658 9118 35 28 it.
740 9117 31 30 It
787 9117 25 28 is
836 9124 71 20 now
923 9113 178 38 completed
1118 9113 30 28 in
1167 9120 90 20 seven

181 9167 156 36 lumbers.
386 9173 30 30 It
433 9173 55 30 has
506 9173 77 28 been
603 9172 165 38 published
783 9175 33 24 at
833 9180 19 19 a
868 9178 72 28 very
956 9169 200 38 appropriate
1173 9167 87 33 time,

181 9222 38 25 an
224 9222 17 28 d
258 9228 98 35 yields
370 9230 165 28 abundant
551 9225 157 30 materials
734 9225 47 28 for
797 9225 135 36 forming
950 9233 17 19 a
984 9222 99 30 sound
1101 9222 63 30 and
1176 9220 83 41 judi-

183 9276 16 20 c
200 9280 66 25 'otis
282 9285 126 36 opinion
427 9291 87 30 upon
540 9280 54 31 the
614 9280 102 27 affairs
742 9279 33 28 of
803 9277 134 30 Ireland.
987 9276 58 28 We
1071 9276 77 30 have
1167 9283 94 22 never

183 9329 31 25 Se
217 9339 36 22 <>n
271 9339 77 28 such
365 9350 17 17 a
400 9346 82 22 mass
498 9337 35 28 of
545 9335 99 30 useful
663 9334 214 33 information,
890 9331 165 30 combined
1071 9331 72 28 with
1159 9332 101 27 sound

186 9383 175 49 Masoning,
387 9391 254 43 comprehended
668 9391 30 28 in
717 9398 33 20 so
772 9387 91 30 small
879 9397 19 20 a
913 9395 101 30 space.
1063 9384 68 30 The
1146 9387 115 28 author

191 9439 14 22 '
205 9433 39 36 I,o
249 9450 41 25 ws
320 9449 129 31 himself
479 9447 69 33 well
581 9444 191 43 acquainted
805 9441 74 31 with
912 9441 55 31 the
995 9439 120 41 history
1145 9439 35 31 of
1208 9441 54 30 the

1291 365 134 35 country
1441 361 63 30 and
1520 361 39 28 its
1575 356 200 33 commercial
1800 356 161 35 relations,
1976 356 63 28 and
2057 354 47 28 his
2121 354 181 33 reasonings
2318 357 54 20 are

1293 417 91 30 based
1403 425 82 30 upon
1504 417 187 28 documents
1720 413 101 28 which
1841 414 117 27 cannot
1986 411 39 28 be
2041 406 233 33 controverted.
2323 403 50 30 He

1287 472 99 39 justly
1403 472 156 33 observes,
1617 469 83 30 That
1726 469 54 28 the
1806 469 186 28 statements
2019 465 109 30 herein
2156 463 91 39 given
2277 458 93 41 speak

1291 526 47 30 for
1356 526 186 31 themselves
1556 515 6 47 :
1589 524 74 38 they
1680 523 83 30 show
1783 523 69 30 that
1869 521 123 30 Ireland
2003 521 52 28 has
2066 520 60 28 luid
2137 518 49 30 her
2200 515 172 41 population

1290 581 132 36 doubled,
1436 581 61 30 and
1512 581 50 30 her
1578 578 134 41 shipping
1726 578 60 30 and
1811 586 167 25 commerce,
1994 573 128 31 internal
2145 575 61 30 and
2230 570 140 33 external,

1290 636 186 41 quadrupled
1501 636 74 30 since
1597 636 44 28 the
1674 633 94 33 Union
1787 644 9 25 ;
1830 633 69 28 that
1926 633 38 36 by
1992 639 109 20 means
2128 631 33 28 of
2186 630 63 30 this
2277 627 93 31 much

1293 693 214 30 calumniated
1524 691 120 35 Union,
1658 691 55 27 she
1729 690 57 28 has
1800 688 150 28 obtained
1967 685 252 38 Parliamentary
2233 683 137 31 Reform,

1293 748 121 28 Roman
1431 746 143 30 Catholic
1595 743 252 39 Emancipation,
1863 754 19 19 a
1899 743 148 30 National
2061 742 123 39 System
2202 740 35 30 of
2250 740 102 28 Educa-

1293 803 77 36 tion,
1386 813 16 20 a
1422 802 186 39 Legislative
1627 800 159 30 Provision
1800 798 49 30 for
1865 798 54 30 the
1935 797 93 36 Poor,
2044 806 19 19 a
2080 795 238 33 Commutation
2342 792 35 30 of

1293 858 121 36 Tithes,
1428 868 19 19 a
1466 857 128 30 Reform
1611 857 30 28 in
1658 855 57 30 her
1732 854 238 39 Corporations,
1986 861 17 19 a
2019 852 123 39 perfect
2161 850 154 30 Freedom
2342 847 35 28 of

1293 912 102 30 Trade
1424 912 79 30 with
1529 912 99 28 Great
1657 910 135 35 Britain,
1817 910 65 28 and
1910 918 93 27 many
2019 907 93 30 other
2129 907 175 38 important
2321 904 35 28 ad-

1293 970 159 36 vantages,
1480 965 77 31 such
1586 975 33 20 as
1646 965 55 30 she
1718 973 93 20 never
1836 962 104 30 before
1959 962 170 39 possessed,
2148 961 63 30 and
2228 959 77 30 such
2337 965 31 20 as

1293 1020 55 30 she
1373 1030 94 22 never
1493 1020 93 31 could
1603 1020 79 28 have
1709 1019 110 39 gained
1839 1017 79 30 from
1935 1017 57 30 her
2011 1017 79 30 local
2107 1017 63 30 and
2187 1014 181 39 dependent

1293 1074 214 43 legislature.''
1553 1077 101 27 These
1680 1083 94 30 pages
1800 1074 66 28 also
1894 1072 79 38 fully
1989 1072 230 35 demonstrate,
2235 1071 69 28 that
2320 1068 54 28 the

1293 1132 192 38 agriculture
1504 1132 33 28 of
1559 1132 129 28 Ireland
1715 1131 57 28 has
1800 1129 79 28 been
1909 1129 121 36 greatly
2046 1126 157 30 extended
2220 1126 83 28 since
2321 1123 54 30 the

1293 1186 106 31 Union
1408 1187 109 30 —that
1545 1187 55 30 the
1619 1186 85 30 linen
1734 1184 61 30 and
1825 1186 107 27 cotton
1951 1181 235 30 manufactures
2202 1181 77 28 have
2296 1178 77 30 been

1291 1241 216 39 considerably
1534 1239 192 41 augmented
1740 1258 24 5 —
1773 1239 71 28 that
1872 1238 54 28 the
1956 1238 124 36 savings
2096 1236 112 35 banks,
2225 1238 148 31 customs,

1293 1298 113 33 excise,
1419 1298 172 36 post-office
1605 1296 143 36 receipts,
1761 1294 61 28 and
1836 1298 118 33 stamps
1967 1293 77 28 have
2060 1291 118 38 largely
2191 1288 159 31 increased
2365 1299 9 24 ;

1293 1351 74 30 thus
1381 1351 176 38 indicating
1575 1351 54 30 the
1644 1350 161 38 improved
1831 1348 162 30 condition
2022 1346 36 30 of
2071 1346 54 30 the
2142 1348 88 38 great
2247 1343 77 30 bulk
2343 1343 33 28 of

1293 1406 54 30 the
1375 1406 227 38 people—that
1628 1406 54 28 the
1709 1405 91 28 value
1827 1403 33 30 of
1885 1403 76 30 land
1992 1403 55 28 lias
2074 1402 79 30 been
2178 1400 101 30 raised
2294 1398 79 30 from

1293 1466 165 25 seventeen
1476 1466 31 25 to
1524 1466 224 35 twenty-seven
1759 1458 99 41 years'
1874 1458 272 38 purchase—that
2162 1457 52 28 the
2233 1455 140 30 taxation

1291 1517 35 28 of
1340 1517 139 35 Ireland,
1499 1518 101 28 which
1628 1526 61 19 was
1715 1518 104 36 twenty
1836 1515 143 36 shillings
2003 1512 151 39 annually
2172 1521 55 28 per
2241 1509 82 31 head
2340 1509 30 28 in

1296 1570 99 38 1800,
1411 1573 27 28 is
1455 1583 69 19 now
1542 1573 72 38 only
1630 1575 46 27 ten
1693 1570 145 39 shillings
1855 1567 266 39 annually—that
2139 1567 55 30 the
2209 1573 107 22 excess
2340 1562 33 30 of

1293 1628 140 30 taxation
1450 1628 31 28 in
1501 1628 98 30 Great
1624 1625 121 30 Britain
1767 1625 169 38 compared
1965 1624 74 28 with
2058 1622 139 35 Ireland,
2213 1622 85 27 since
2321 1617 54 30 the

1291 1691 71 30 year
1383 1682 98 36 1800,
1496 1685 148 27 amounts
1660 1685 31 27 to
1709 1680 250 38 £325,310,861
1978 1677 247 39 sterling—that
2244 1674 126 30 Ireland

1291 1737 57 30 has
1373 1737 69 39 fifty
1469 1737 261 39 representatives
1759 1737 31 28 in
1819 1735 52 30 the
1899 1734 148 39 Imperial
2077 1732 194 30 Parliament
2287 1737 87 20 more

1291 1792 76 30 than
1395 1794 54 30 she
1466 1794 25 28 is
1507 1792 134 31 entitled
1658 1795 33 27 to
1707 1792 79 30 send
1809 1794 39 36 by
1865 1791 58 31 her
1940 1789 233 31 contributions
2191 1791 31 27 to
2239 1784 54 30 the
2312 1784 41 28 Im-

1291 1849 98 36 perial
1417 1858 146 27 revenue,
1587 1847 41 38 by
1654 1847 58 30 her
1740 1850 161 35 property,
1931 1846 63 28 and
2020 1846 39 38 by
2077 1844 57 30 her
2153 1841 120 38 foreign
2291 1849 61 19 com-

1293 1912 143 20 merce—
1444 1904 68 30 that
1524 1913 19 19 a
1559 1907 90 36 great
1666 1902 68 30 deal
1748 1902 35 28 of
1797 1902 74 30 time
1888 1902 61 28 and
1962 1901 157 30 attention
2139 1899 55 27 has
2208 1896 79 28 been
2299 1896 74 36 paid

1294 1959 31 28 in
1345 1959 55 30 the
1417 1959 109 30 united
1545 1959 195 38 Legislature
1764 1962 33 25 to
1814 1957 54 30 the
1885 1956 102 30 affairs
2003 1956 35 30 of
2052 1951 243 33 Ireland—that
2318 1950 55 31 the

1291 2016 93 36 penal
1402 2014 76 30 laws
1496 2025 80 19 were
1592 2017 57 25 not
1666 2014 55 28 the
1737 2014 99 30 result
1854 2013 35 28 of
1901 2011 146 39 religious
2063 2006 238 38 bigotry—that
2318 2006 55 30 the

1291 2069 200 31 Established
1523 2069 129 31 Church
1671 2069 25 28 is
1726 2069 52 28 the
1795 2068 129 28 ancient
1951 2063 129 33 Church
2109 2063 35 28 of
2159 2060 135 36 Ireland,
2310 2061 63 30 and

1290 2126 41 28 its
1359 2126 137 33 income,
1529 2124 186 38 amounting
1740 2128 33 25 to
1798 2132 61 19 one
1885 2121 129 36 shilling
2043 2126 57 30 per
2115 2115 80 30 head
2211 2117 162 39 annually,

1290 2184 117 25 cannot
1419 2181 99 38 justly
1532 2181 39 28 be
1586 2180 184 28 considered
1787 2189 19 17 a
1833 2175 140 31 national
1997 2173 180 39 grievance,
2192 2181 36 19 or
2244 2181 16 20 a
2279 2181 94 22 cause

1288 2235 35 28 of
1348 2244 118 30 genera
1504 2235 161 36 suffering.
1723 2230 123 36 Finally
1915 2228 71 30 that
2013 2227 157 30 whatever
2197 2227 76 28 evils
2302 2236 71 30 may

1288 2290 80 28 exist
1386 2290 31 28 in
1438 2288 137 35 Ireland,
1594 2288 91 30 those
1702 2287 74 30 evils
1794 2288 117 27 cannot
1928 2283 38 28 be
1983 2282 143 30 ascribed
2145 2287 30 25 to
2192 2282 55 30 the
2266 2282 87 41 Legis-

1288 2343 93 31 lative
1400 2343 106 30 Union
1521 2345 35 28 of
1573 2343 94 35 1800,
1682 2342 102 31 which
1797 2340 58 30 has
1869 2340 77 30 been
1961 2339 52 30 the
2031 2348 107 20 means
2151 2339 33 30 of
2192 2339 180 39 conferring

1288 2405 66 25 vast
1370 2402 61 28 and
1449 2400 206 30 incalculable
1671 2398 131 30 benefits
1819 2408 39 20 on
1877 2395 137 31 Ireland.
2063 2395 36 30 In
2129 2395 115 39 regard
2269 2400 30 25 to
2318 2395 54 30 the

1291 2457 115 28 results
1430 2457 36 28 of
1479 2466 61 28 any
1567 2460 137 35 attempt
1729 2455 69 30 that
1827 2454 102 38 might
1956 2452 38 30 be
2011 2452 90 28 made
2121 2455 30 25 to
2169 2452 91 28 effect
2276 2461 19 19 a
2310 2452 46 28 dis-

1287 2512 135 30 solution
1439 2512 35 30 of
1490 2512 54 30 the
1562 2512 104 28 Union
1683 2512 71 28 that
1770 2520 69 19 now
1854 2509 98 30 exists
1965 2509 145 28 between
2128 2507 98 28 Great
2243 2507 121 30 Britain

1285 2565 65 30 and
1367 2565 137 35 Ireland,
1534 2564 52 28 Mr
1605 2564 118 31 Martin
1751 2564 55 28 has
1833 2564 52 28 the
1913 2559 161 38 following
2099 2559 142 30 remarks
2255 2562 35 27 at
2306 2569 65 30 p.p.

1288 2619 137 33 381-2-3

1324 2674 20 17 «
1356 2672 146 28 Without
1512 2672 135 39 pausing
1660 2677 33 27 to
1707 2674 159 28 comment
1880 2680 41 19 on
1934 2669 63 30 this
2011 2666 195 30 treasonable
2219 2668 151 38 language

1285 2715 60 28 and
1361 2710 209 38 proceedings,
1586 2712 27 28 it
1628 2723 69 25 may
1712 2718 58 24 not
1783 2713 36 27 be
1833 2710 222 35 unimportant
2071 2710 30 24 to
2118 2706 104 28 reflect
2236 2707 71 28 that
2318 2709 52 28 the

1288 2751 118 30 certain
1428 2748 60 28 and
1506 2751 112 35 speedy
1631 2753 91 28 effect
1737 2751 36 30 of
1784 2750 206 35 establishing
2005 2748 31 27 in
2054 2745 126 28 Ireland
2194 2753 17 20 a
2228 2748 142 33 separate

1288 2789 197 39 Legislature
1501 2786 43 35 (if
1554 2792 74 27 such
1652 2800 17 20 a
1683 2792 198 36 proposition
1899 2787 93 30 could
2013 2786 39 36 by
2066 2792 60 27 any
2140 2784 178 35 possibility
2332 2786 38 28 be

1287 2825 252 38 accomplished),
1564 2830 102 28 would
1691 2831 35 27 be
1751 2830 52 28 the
1828 2828 169 28 formation
2022 2824 36 30 of
2080 2833 16 19 a
2120 2822 91 27 fierce
2236 2824 58 27 and
2312 2833 39 19 un-

1285 2866 118 33 bridled
1419 2866 191 38 democracy,
1625 2879 36 19 or
1677 2871 52 28 the
1743 2868 216 38 organisation
1973 2865 36 28 of
2022 2872 38 19 an
2077 2860 110 30 official
2202 2869 36 19 or
2252 2871 19 19 a
2282 2861 82 30 local

1288 2904 165 39 oligarchy,
1471 2904 94 30 which
1581 2910 101 27 would
1696 2910 36 27 be
1746 2912 35 25 to
1795 2918 19 19 a
1827 2910 88 33 great
1926 2907 106 25 extent
2047 2901 208 35 independent
2269 2901 36 28 of
2315 2902 54 27 the

1288 2945 109 39 people
1411 2943 60 27 and
1487 2943 35 27 of
1534 2945 52 28 the
1602 2956 145 28 supreme
1756 2942 304 39 authority—unless
2076 2940 52 27 the
2143 2939 106 36 ruling
2265 2948 102 27 power

1288 2984 115 35 bought
1428 2981 52 28 the
1504 2983 170 39 oligarchy,
1699 2987 60 28 and
1784 2986 74 28 used
1874 2986 25 27 it
1923 2992 33 19 as
1970 2989 39 20 an
2027 2981 191 27 instrument
2233 2978 49 28 for
2299 2986 49 20 cor-

1288 3022 129 36 rupting
1441 3020 54 28 the
1520 3020 206 39 Legislature.
1769 3024 157 30 Domestic
1951 3019 129 33 faction,
2101 3019 88 33 petty
2203 3017 161 35 ambition,

1287 3061 60 30 and
1361 3060 173 30 individual
1550 3063 162 39 intrigues,
1729 3066 99 27 would
1843 3065 124 27 become
1981 3060 50 28 the
2046 3057 184 36 engrossing
2250 3057 117 36 objects

1285 3099 38 30 of
1332 3098 106 38 public
1452 3099 142 38 interest,
1608 3106 61 28 and
1685 3106 52 28 the
1759 3104 79 28 evils
1852 3102 36 28 of
1909 3102 50 27 the
1973 3099 71 36 past
2058 3096 46 27 six
2120 3094 139 28 hundred
2276 3102 87 27 years

1287 3137 99 30 would
1400 3137 36 28 be
1452 3140 121 30 revived
1598 3145 31 27 in
1646 3145 43 28 all
1715 3143 82 28 their
1820 3140 175 35 desolating
2009 3134 176 33 influences,
2203 3134 69 27 with
2288 3142 57 27 aug-

1285 3175 123 30 mented
1436 3184 112 30 power,
1573 3184 60 27 and
1658 3183 74 28 with
1754 3178 219 33 concentrated
2000 3173 258 39 perniciousness.
2312 3172 50 28 No

1287 3216 176 36 separation
1485 3217 36 28 of
1545 3219 126 31 Ireland
1696 3222 83 27 from
1803 3220 99 28 Great
1926 3216 124 30 Britain
2076 3211 91 30 could
2189 3211 72 28 take
2277 3211 88 36 place

1287 3255 129 28 without
1438 3255 52 30 the
1504 3265 132 27 consent
1658 3260 36 30 of
1707 3261 50 27 the
1772 3260 110 38 people
1904 3257 38 28 of
1964 3250 159 39 England;
2150 3250 60 28 and
2231 3249 132 38 nothing

1285 3294 55 28 but
1356 3294 83 28 force
1454 3296 61 27 and
1526 3307 38 19 an
1581 3299 145 36 inability
1735 3304 35 24 to
1786 3299 115 27 subdue
1917 3293 124 31 Ireland
2052 3290 99 28 would
2167 3298 69 20 ever
2252 3290 112 27 induce

1285 3334 85 30 them
1384 3337 33 25 to
1441 3342 131 25 consent
1592 3343 35 25 to
1647 3348 38 19 an
1712 3337 208 38 independent
1945 3331 197 39 Legislature
2167 3329 31 27 in
2227 3328 137 36 Ireland,

1285 3384 77 19 even
1386 3375 72 28 with
1482 3375 52 30 the
1556 3378 142 28 nominal
1723 3378 69 28 link
1816 3376 36 30 of
1874 3376 52 28 the
1950 3373 131 30 Crown;
2101 3369 52 28 for
2176 3375 43 20 no
2241 3367 121 28 British

1288 3414 148 30 Minister
1460 3414 99 30 would
1575 3427 68 20 now
1657 3417 173 28 undertake
1843 3419 35 25 to
1901 3420 115 31 govern
2031 3414 60 22 two
2113 3406 131 30 distinct
2260 3406 88 38 Legis-

1287 3455 328 39 latures—consisting
1641 3457 36 28 of
1701 3460 58 25 two
1787 3455 124 30 Houses
1946 3452 36 30 of
2014 3449 170 30 Commons
2213 3447 61 27 and
2304 3450 58 25 two

1288 3494 124 30 Houses
1425 3493 36 30 of
1474 3493 202 31 Lords—and
1691 3496 72 27 with
1778 3504 19 19 a
1811 3496 148 27 constant
1978 3488 139 36 struggle
2131 3488 31 27 in
2178 3485 76 30 both
2266 3494 79 20 coun-

1288 3535 76 28 tries
1378 3534 50 28 for
1449 3534 189 31 democratic
1660 3535 198 35 ascendancy.
1901 3532 66 28 The
1986 3529 143 35 attempt,
2143 3526 167 36 therefore,
2331 3529 35 27 to

1288 3578 161 25 construct
1477 3575 79 27 what
1581 3575 25 28 is
1630 3575 148 35 absurdly
1802 3583 38 19 or
1863 3570 134 36 artfully
2014 3567 101 28 called
2140 3575 19 20 a
2180 3567 8 13 '
2200 3565 162 30 Domestic

1288 3613 211 39 Legislature'
1520 3614 33 27 in
1581 3614 137 33 Ireland,
1742 3613 101 28 would
1866 3611 58 28 end
1950 3609 33 28 in
2006 3606 71 30 civil
2106 3614 69 20 war.
2216 3606 151 33 Whether

1288 3655 52 27 the
1354 3655 82 27 issue
1449 3652 36 30 of
1496 3652 63 30 this
1575 3661 77 20 were
1671 3652 178 36 ultimately
1865 3652 30 28 in
1912 3649 110 30 favour
2038 3646 36 30 of
2096 3646 52 30 the
2170 3646 6 43 '
2189 3646 176 38 Repealers'

1288 3702 38 19 or
1340 3696 66 31 not,
1419 3693 52 28 the
1485 3693 99 28 result
1600 3693 99 28 would
1712 3693 35 27 be
1761 3691 124 36 equally
1899 3691 173 27 disastrous
2088 3687 49 28 for
2154 3685 137 30 Ireland.
2335 3685 33 28 If

1288 3734 124 36 against
1425 3732 96 35 them,
1537 3742 17 19 a
1570 3735 68 25 vast
1661 3731 131 28 number
1816 3729 36 30 of
1865 3739 58 19 our
1948 3728 244 28 fellow-citizens
2217 3728 85 27 must
2318 3724 33 28 in-

1288 3772 134 36 evitably
1446 3772 104 36 perish
1562 3765 6 43 ;
1591 3772 142 35 military
1756 3770 57 27 law
1828 3769 98 28 would
1948 3769 38 27 be
2000 3765 184 30 established
2200 3765 6 43 ;
2228 3765 52 27 the
2294 3772 55 27 pro-

1288 3819 87 28 gress
1397 3811 38 28 of
1454 3811 189 30 civilisation
1666 3811 36 27 be
1726 3808 134 35 entirely
1883 3802 146 46 stopped;
2054 3806 52 27 the
2129 3803 90 36 penal
2244 3802 71 27 laws
2329 3802 36 27 be

1288 3849 176 28 re-enacted
1477 3839 6 43 ;
1504 3849 61 28 and
1584 3849 44 27 all
1644 3849 55 25 the
1721 3849 150 33 property
1885 3844 36 27 of
1932 3844 54 27 the
2000 3843 101 27 rebels
2117 3841 60 27 and
2192 3839 79 27 their
2285 3839 66 27 abet-

1288 3891 68 24 tors
1376 3888 101 25 would
1491 3888 38 24 be
1542 3885 195 27 confiscated.
1780 3882 126 27 Ireland
1929 3880 98 27 would
2043 3880 38 25 be
2093 3880 121 25 thrown
2236 3877 74 27 back
2334 3882 33 24 at

1288 3924 80 27 least
1381 3932 19 19 a
1414 3926 129 30 century
1557 3923 33 25 in
1603 3921 54 27 her
1668 3926 113 22 career.
1825 3918 186 35 Supposing,
2024 3917 137 27 however
2173 3915 194 35 improbable

1288 3962 74 27 such
1378 3970 39 19 an
1433 3961 68 27 idea
1515 3959 101 36 might
1628 3959 46 33 be,
1688 3957 69 28 that
1767 3956 52 28 the
1830 3954 170 38 Repealers
2011 3954 145 27 obtained
2169 3954 83 27 their
2260 3954 109 27 wish—

1288 4000 8 13 '
1310 3998 126 28 Ireland
1461 3997 50 28 for
1537 3998 54 28 the
1617 3997 202 30 Irish'—that
1843 3995 36 33 is,
1904 3994 69 27 that
1997 3992 52 28 the
2071 3992 93 27 lower
2191 3992 113 28 classes
2334 3992 36 28 of

1288 4039 123 33 society,
1428 4038 71 28 with
1515 4038 80 28 their
1611 4038 55 28 few
1680 4036 126 33 leaders,
1831 4031 143 31 obtained
1992 4039 143 27 supreme
2150 4031 159 36 authority
2331 4033 31 27 in

1290 4077 126 28 Ireland
1428 4085 8 25 ;
1457 4077 77 30 have
1548 4077 71 38 they
1643 4074 172 33 calculated
1838 4074 71 28 that
1932 4071 151 36 probably
2098 4071 159 28 one-third
2269 4071 36 28 of
2317 4071 52 28 the

1288 4121 126 33 present
1428 4117 194 30 inhabitants
1644 4118 36 28 of
1694 4115 124 30 Ireland
1844 4112 99 28 would
1965 4110 106 38 perish
2083 4110 39 35 by
2139 4110 50 27 the
2205 4112 107 33 sword,
2326 4110 41 36 by

1288 4156 66 36 fire,
1370 4156 60 30 and
1446 4156 38 36 by
1499 4157 186 36 pestilence;
1707 4156 68 28 that
1789 4154 52 27 the
1855 4151 87 30 fleets
1956 4151 61 27 and
2033 4148 104 30 armed
2153 4148 169 36 gun-boats
2335 4150 36 27 of

1290 4197 146 38 England
1452 4197 101 28 would
1567 4197 52 36 lay
1635 4200 91 25 waste
1743 4197 57 27 not
1814 4192 76 36 only
1904 4192 52 27 the
1970 4192 102 27 coasts
2087 4189 57 28 but
2156 4197 94 28 many
2265 4189 35 28 of
2312 4189 52 28 the

1290 4238 135 28 interior
1449 4236 164 38 navigable
1633 4236 156 33 districts;
1813 4233 69 28 that
1907 4230 112 36 society
2046 4227 99 31 would
2169 4227 36 28 be
2228 4228 140 28 resolved

1290 4279 66 28 into
1386 4279 43 27 its
1452 4277 140 36 primary
1614 4277 159 33 elements,
1800 4272 60 30 and
1887 4271 52 28 the
1961 4271 94 27 worst
2079 4266 143 38 passions
2252 4268 35 28 of
2309 4277 60 19 our

1290 4321 113 27 nature
1417 4318 109 28 roused
1543 4318 68 28 into
1636 4326 19 19 a
1669 4315 91 30 fierce
1775 4312 80 36 fury,
1871 4309 94 30 which
1991 4315 69 30 ages
2074 4306 99 28 would
2192 4309 57 25 not
2263 4306 106 38 quell?

1291 4359 38 27 Tn
1348 4359 151 27 whatever
1523 4361 106 33 aspect
1652 4356 52 28 the
1729 4353 115 36 subject
1866 4351 38 27 be
1926 4343 280 33 viewed—whether
2222 4354 33 19 as
2269 4356 19 19 a
2304 4356 50 19 suc-

1288 4397 115 28 cessful
1419 4395 164 35 rebellion,
1598 4395 96 30 which
1710 4395 25 27 is
1751 4394 115 28 almost
1880 4398 39 20 an
1940 4384 233 39 impossibility,
2187 4394 38 20 or
2239 4395 35 19 as
2288 4395 19 19 a
2320 4386 33 28 de-

1288 4436 101 27 feated
1405 4436 222 33 insurrection,
1641 4435 96 28 which
1751 4435 27 25 is
1803 4431 115 28 almost
1932 4436 19 19 a
1973 4425 139 38 physical
2126 4425 244 35 certainty—-the

1290 4474 99 30 result
1403 4477 85 25 must
1501 4474 38 28 be
1551 4474 175 30 disastrous
1740 4474 52 28 for
1803 4468 134 31 Ireland.
1981 4466 66 28 The
2065 4471 72 28 very
2151 4465 216 38 geographical

1288 4515 139 36 position
1443 4512 36 28 of
1499 4512 129 30 Ireland
1654 4518 35 25 to
1702 4512 52 30 the
1776 4507 154 31 westward
1953 4506 36 28 of
2000 4504 98 28 Great
2112 4504 135 35 Britain,
2269 4504 99 30 would

1288 4553 112 30 render
1414 4553 41 27 its
1471 4551 175 38 legislative
1660 4551 178 39 separation
1855 4556 17 20 a
1896 4545 145 39 question
2057 4543 36 28 of
2104 4546 192 33 paramount
2310 4545 38 28 im-

1288 4595 150 35 portance
1461 4595 33 22 to
1520 4591 157 38 England,
1704 4592 50 28 for
1778 4591 52 27 she
1854 4586 101 33 would
1980 4584 74 28 then
2077 4583 38 28 be
2139 4591 69 20 ever
2231 4592 80 27 open
2335 4587 33 25 to

1288 4630 113 30 hostile
1417 4630 121 28 attacks
1554 4630 83 30 from
1652 4631 121 38 foreign
1791 4628 74 35 foes,
1879 4635 38 20 or
1937 4628 35 25 to
1986 4622 137 30 internal
2140 4622 230 31 insurrections

1288 4671 60 28 and
1364 4669 161 36 intrigues,
1540 4671 96 28 which
1660 4671 101 28 would
1775 4669 38 28 be
1835 4666 118 35 utterly
1967 4663 178 28 subversive
2167 4663 35 28 of
2219 4663 151 30 domestic

1288 4718 90 30 peace
1392 4709 60 28 and
1474 4709 143 30 national
1635 4710 178 36 happiness.
1858 4706 76 28 This
1951 4704 24 28 is
1992 4702 82 36 fully
2088 4702 233 30 demonstrated
2337 4704 31 28 in

1288 4751 52 27 the
1364 4748 146 36 previous
1540 4746 340 39 chapter—respecting
1901 4745 54 28 the
1978 4742 132 35 French,
2137 4742 143 38 Spanish,
2310 4743 60 28 and

1288 4787 131 30 Romish
1436 4787 153 38 intrigues
1603 4789 33 28 in
1654 4789 128 28 Ireland
1797 4787 83 28 since
1893 4784 52 28 the
1962 4781 231 30 Reformation.

1357 4838 65 28 But
1436 4841 33 25 to
1485 4846 39 19 no
1540 4839 129 35 portion
1685 4839 36 27 of
1740 4836 68 30 Her
1824 4831 159 39 Majesty's
2005 4831 132 38 subjects
2153 4833 27 27 is
2195 4833 52 27 the
2261 4831 109 28 Union

1288 4877 132 30 between
1436 4877 98 28 Great
1550 4877 123 30 Britain
1688 4877 60 30 and
1773 4874 126 30 Ireland
1913 4872 35 30 of
1962 4880 87 20 more
2065 4871 197 30 inestimable
2277 4872 94 27 value

1290 4918 74 27 than
1380 4921 35 24 to
1428 4917 52 28 the
1494 4924 115 30 poorer
1624 4918 113 27 classes
1748 4915 36 28 of
1797 4915 115 36 society
1924 4913 31 28 in
1973 4912 139 36 Ireland,
2128 4912 101 28 whose
2241 4910 129 36 feelings

1287 4957 61 27 and
1364 4957 143 35 passions
1521 4965 52 19 are
1589 4954 265 30 new..stimulated
1866 4957 33 27 to
1913 4953 156 33 madness,
2082 4953 39 33 by
2135 4951 99 30 artful
2246 4951 124 38 appeals

1288 4997 33 25 to
1346 4995 83 27 their
1454 4995 143 28 national
1624 4994 99 36 pride.
1770 4992 101 28 Adam
1896 4992 112 33 Smith,
2031 4992 33 25 in
2091 4991 47 27 his
2170 4992 8 11 '
2191 4989 28 27 A\
2231 4992 82 24 ealth
2339 4989 36 27 of

1290 5033 156 35 Nations,'
1469 5033 162 38 published
1660 5033 30 27 in
1718 5031 87 35 1775,
1831 5031 83 27 when
1939 5028 186 35 advocating
2146 5036 38 19 an
2208 5028 146 31 'incorpo-

1288 5074 107 36 rating
1414 5071 110 31 union'
1537 5074 132 27 between
1685 5071 98 28 Great
1800 5069 120 30 Britain
1937 5069 61 27 and
2013 5068 54 28 the
2082 5066 104 28 North
2203 5065 167 28 American

1291 5112 159 36 Colonies,
1466 5121 33 19 as
1513 5112 58 28 had
1586 5112 76 27 been
1680 5112 71 27 then
1764 5110 80 28 done
1855 5109 71 27 with
1940 5106 159 33 Scotland,
2106 5104 101 36 justly
2220 5102 150 31 remarks,

1288 5151 8 14 '
1313 5151 46 35 By
1375 5151 50 28 the
1438 5151 91 27 union
1545 5151 72 27 icith
1638 5150 142 36 England
1792 5148 49 28 the
1855 5145 148 36 middling
2014 5143 63 30 and
2088 5143 129 35 inferior
2231 5139 91 28 ranks
2337 5140 35 30 of

1291 5191 49 28 the
1353 5191 106 38 people
1472 5189 43 39 of
1534 5189 148 30 Scotland
1704 5187 110 38 gained
1828 5197 17 19 a
1871 5186 145 36 complete
2027 5184 187 28 deliverance
2219 5178 87 39 from
2323 5178 49 27 the

1285 5238 102 28 power
1413 5230 38 36 of
1471 5239 38 19 an
1534 5230 189 35 aristocracy
1745 5228 94 27 which
1865 5227 60 28 had
1946 5225 112 36 always
2083 5222 102 36 before
2214 5217 157 38 oppressed

1290 5268 107 30 them:'
1419 5269 58 27 and
1496 5269 36 27 he
1545 5268 94 28 added
1655 5268 54 28 the
1723 5266 176 38 suggestion
1923 5266 79 36 that,
2024 5255 6 49 '
2044 5265 49 35 By
2118 5261 49 28 the
2186 5258 91 30 union
2299 5255 69 30 with

1293 5309 96 28 Great
1406 5309 121 28 Britain
1545 5307 49 28 the
1606 5309 123 33 greater
1743 5307 74 36 part
1833 5304 36 38 of
1877 5306 49 28 the
1937 5304 106 36 people
2057 5302 38 36 of
2104 5302 43 27 all
2159 5298 91 30 ranks
2260 5296 31 27 in
2304 5296 50 27 Ire-

1290 5348 72 27 land
1378 5348 99 27 would
1490 5348 71 36 gain
1578 5354 39 19 an
1633 5345 121 38 equally
1780 5345 143 36 complete
1940 5343 187 30 deliverance
2134 5340 88 38 from
2244 5345 19 19 a
2287 5334 83 28 much

1291 5397 80 19 more
1384 5387 167 35 oppressive
1567 5384 214 38 aristocracy.'

1359 5427 162 36 Although
1537 5425 57 30 but
1608 5433 17 20 a
1641 5424 243 36 comparatively
1899 5422 82 30 brief
1995 5420 104 38 period
2118 5419 30 28 in
2165 5417 52 28 the
2230 5422 55 28 age
2301 5414 35 25 of
2354 5419 16 20 a

1290 5466 109 28 nation
1422 5466 55 27 has
1502 5465 109 38 passed
1636 5465 85 27 since
1745 5465 52 27 the
1822 5463 118 35 Union,
1962 5465 52 31 yet
2028 5460 90 28 much
2134 5458 55 27 has
2202 5455 74 28 been
2291 5452 80 27 done

1288 5504 50 30 for
1354 5506 52 27 the
1433 5504 121 38 people,
1578 5512 33 20 as
1636 5504 63 27 this
1723 5504 83 27 work
1830 5502 249 30 demonstrates;
2099 5496 61 30 and
2175 5493 91 30 much
2283 5498 88 20 more

1290 5545 101 28 would
1406 5545 36 28 be
1457 5545 80 28 done
1545 5543 39 35 by
1597 5543 50 27 the
1663 5542 151 36 Imperial
1830 5540 206 38 Legislature,
2044 5539 57 28 but
2113 5537 50 28 for
2178 5534 50 28 the
2238 5529 134 30 conduct

1290 5584 36 27 of
1337 5584 52 27 the
1406 5583 260 36 Repealers—the
1688 5581 109 28 misled
1813 5589 33 19 as
1869 5581 65 27 well
1950 5587 35 20 as
1998 5576 186 35 misleading
2236 5570 117 28 friends

1288 5622 35 30 of
1337 5622 137 30 Ireland.
1518 5622 99 28 There
1633 5620 25 27 is
1674 5622 134 35 nothing
1822 5625 33 22 to
1869 5622 132 33 prevent
2014 5628 17 19 a
2046 5616 118 38 perfect
2192 5614 162 30 incorpora-

1288 5663 68 27 tion
1372 5661 35 27 of
1419 5663 52 27 the
1485 5660 110 38 people
1608 5660 35 28 of
1652 5658 99 30 Great
1767 5660 124 28 Britain
1904 5658 60 28 and
1980 5657 35 28 of
2030 5655 124 30 Ireland
2170 5652 57 28 but
2236 5649 52 27 the
2301 5655 54 19 con-

1291 5702 145 27 tinuance
1450 5702 36 27 of
1499 5701 60 28 this
1573 5699 189 27 destructive
1789 5699 162 36 agitation,
1969 5698 31 27 in
2025 5694 96 28 which
2137 5693 52 28 the
2203 5691 148 30 inostpcr-

1288 5740 109 28 verted
1409 5743 181 25 statements
1603 5745 54 20 are
1669 5742 57 31 put
1735 5737 96 36 forth,
1844 5739 31 27 in
1891 5737 52 28 the
1954 5737 79 36 hope
2044 5734 35 30 of
2088 5732 134 33 exciting
2231 5726 139 30 national

1332 5830 153 30 Towards
1501 5830 54 30 the
1575 5828 181 30 conclusion
1775 5828 35 30 of
1825 5828 49 30 his
1891 5828 87 30 work
1995 5827 52 30 Mr
2068 5822 117 33 Martin
2198 5817 101 43 justly
2315 5814 38 30 ob-

1288 5896 112 25 serves,
1431 5887 69 28 that
1636 5883 216 30 Government
1877 5885 33 27 in
1942 5882 129 38 Europe
2098 5888 36 22 or
2159 5879 33 28 in
2217 5874 157 33 America,

1290 5946 69 33 past
1375 5951 36 19 or
1438 5942 140 36 present,
1603 5937 104 28 would
1737 5940 132 28 tolerate
1887 5939 55 28 the
1965 5940 115 35 system
2096 5934 33 30 of
2143 5928 137 44 political
2299 5924 60 31 reli-

1288 5997 90 38 gious
1405 5995 153 38 agitation
1576 5992 102 28 which
1710 5991 57 31 has
1784 5994 157 38 prevailed
1970 5994 33 28 in
2028 5989 128 31 Ireland
2173 5987 46 30 for
2241 5984 52 30 the
2310 5981 60 28 last

1290 6055 52 24 ten
1359 6058 88 27 years
1461 6060 9 25 ;
1494 6049 63 28 and
1586 6047 118 31 which,
1721 6047 24 27 if
1772 6049 184 33 continued,
1984 6047 60 28 will
2074 6044 115 30 render
2214 6039 68 31 civil
2301 6046 76 20 war*

1290 6104 143 28 however
1447 6102 202 38 sanguinary,
1661 6101 176 36 preferable
1850 6104 47 28 for
1912 6102 54 30 the
1980 6102 80 38 loyal
2071 6099 63 30 and
2148 6096 69 30 well
2235 6093 140 39 disposed

1291 6161 71 35 part
1380 6156 35 30 of
1638 6154 50 30 He
1707 6154 65 30 also
1787 6165 113 27 says—

1364 6208 66 30 The
1444 6206 61 30 evil
1523 6206 96 36 ought
1635 6209 33 25 to
1682 6206 38 28 be
1734 6208 175 38 extirpated
1932 6206 82 31 from
2028 6206 54 28 the
2102 6205 82 27 root.
2228 6200 31 28 If
2271 6208 39 20 an
2326 6200 49 27 act

1291 6249 35 30 of
1337 6249 54 28 the
1417 6247 148 38 Imperial
1595 6244 195 38 Legislature
1816 6258 76 19 were
1915 6247 120 38 passed,
2058 6243 159 35 declaring
2241 6239 69 28 that
2331 6236 43 28 all

1291 6298 129 28 persons
1447 6288 96 30 found
1559 6285 102 38 guilty
1687 6287 35 28 of
1732 6288 106 38 aiding
1863 6298 38 20 or
1915 6287 184 39 promoting
2118 6283 31 27 in
2165 6288 60 27 any
2247 6287 60 27 way
2323 6277 52 27 the

1293 6329 117 36 Repeal
1427 6329 35 27 of
1474 6329 50 27 the
1540 6324 107 30 Union
1661 6324 134 31 between
1811 6329 101 27 Great
1928 6328 123 28 Britain
2066 6323 60 31 and
2143 6318 137 33 Ireland,
2294 6324 33 20 as
2337 6317 38 35 by

1293 6370 55 28 law
1364 6365 198 35 established,
1573 6365 38 27 be
1625 6367 203 35 transported
1841 6367 118 38 beyond
1976 6367 52 28 the
2043 6373 76 22 seas,
2132 6361 60 30 and
2208 6357 80 28 their
2302 6362 54 30 pro-

1293 6414 90 33 perty
1397 6408 38 30 be
1450 6403 184 33 confiscated
1649 6406 35 25 to
1706 6406 57 27 the
1778 6406 123 36 Crown,
1921 6414 91 30 peace
2028 6403 98 30 would
2140 6400 38 28 be
2192 6395 181 31 established

1293 6452 31 27 in
1343 6449 135 28 Ireland.
1521 6444 101 30 There
1633 6452 55 19 can
1704 6444 39 28 be
1757 6455 41 19 no
1813 6447 98 28 doubt
1921 6447 68 30 that
2002 6446 50 27 the
2068 6438 148 39 Imperial
2235 6433 123 38 Legisla-

1293 6494 71 24 ture
1378 6488 101 28 would
1493 6482 162 41 promptly
1679 6483 82 38 rally
1783 6487 102 28 round
1901 6487 52 28 the
1967 6485 157 30 Minister,
2140 6479 65 27 who
2343 6476 31 25 at

1293 6537 77 20 once
1384 6529 96 36 adopt
1493 6524 63 30 this
1570 6521 82 35 bold,
1669 6521 72 38 just,
1756 6526 61 28 and
1833 6523 230 39 indispensable
2077 6521 63 27 line
2156 6517 36 28 of
2203 6515 117 28 action.

1340 6584 60 31 We
1436 6594 79 30 copy
1545 6581 54 28 the
1631 6578 161 44 following
1828 6581 175 31 additional
2036 6578 137 33 extracts
2206 6572 79 30 from
2321 6569 54 31 the

1294 6641 154 30 work:—

1334 6694 153 28 Effects
1506 6699 39 22 of
1562 6690 209 31 Democracy
1786 6701 36 20 in
1844 6693 200 28 Ireland.—
2047 6688 186 30 Democracy
2247 6682 55 28 has
2315 6680 60 27 had

1293 6743 19 19 a
1326 6737 85 25 most
1424 6732 126 30 baneful
1567 6737 85 28 sway,
1677 6732 167 36 especially
1860 6732 50 27 for
1934 6732 52 27 the
2000 6731 61 28 last
2076 6729 55 27 few
2143 6732 96 30 years,
2261 6723 31 27 in
2312 6720 47 28 Ire-

1293 6773 85 28 land.
1419 6773 30 28 A
1463 6780 82 22 mass
1559 6769 36 30 of
1605 6769 148 35 ignorant
1762 6772 61 28 and
1838 6770 99 30 excite
1946 6770 8 27 1
1972 6769 112 38 people
2098 6767 77 28 have
2187 6765 72 27 been
2277 6759 49 28 led
2337 6767 38 19 or

1293 6813 110 28 driven
1419 6816 33 25 to
1469 6813 52 28 the
1539 6808 142 35 hustings
1696 6806 38 36 by
1748 6819 19 19 a
1789 6811 55 28 few
1865 6809 99 30 artful
1986 6808 120 28 leaders
2126 6806 58 27 and
2206 6800 169 30 ambitious

1293 6852 224 36 demagogues;
1543 6849 71 28 thus
1639 6847 167 39 rendering
1828 6849 135 38 popular
1991 6844 247 41 representation
2255 6849 17 20 a
2287 6847 88 20 curse

1293 6891 121 27 instead
1441 6891 36 27 of
1501 6899 19 19 a
1545 6887 148 35 blessing,
1721 6890 60 25 and
1809 6888 211 36 endangering
2054 6888 54 27 the
2134 6877 238 35 constitutional

1293 6931 167 36 equipoise,
1485 6939 35 20 so
1545 6932 161 27 necessary
1728 6926 50 28 for
1800 6929 52 27 the
1877 6926 214 38 preservation
2118 6923 36 31 of
2175 6931 19 20 a
2216 6918 101 30 mixed
2337 6926 38 19 or

1293 6969 195 28 monarcliial
1502 6967 214 38 government.
1762 6965 66 30 The
1841 6967 181 36 conferring
2038 6965 36 28 of
2085 6965 52 27 the
2148 6961 128 31 elective
2291 6957 68 28 fran-

1293 7008 91 33 chise,
1406 7008 39 36 by
1469 7008 52 28 the
1546 7003 83 30 Irish
1655 7003 206 38 Parliament,
1887 7014 39 19 on
1954 7006 52 27 the
2030 7005 85 36 forty
2140 7000 129 36 shilling
2298 6997 61 28 free-

1294 7047 124 28 holders
1436 7049 30 27 in
1485 7044 134 33 Ireland,
1641 7043 55 27 has
1710 7044 76 28 been
1811 7044 52 28 the
1877 7044 128 27 fruitful
2028 7050 107 22 source
2150 7041 36 30 of
2206 7046 93 28 many
2313 7036 60 28 and

1293 7087 68 27 dire
1375 7087 66 28 ills.
1483 7085 104 35 Every
1602 7080 96 30 effort
1723 7083 112 28 should
1858 7085 38 27 be
1918 7083 88 28 made
2022 7087 33 25 to
2069 7088 142 30 expunge
2225 7077 82 30 from
2323 7076 52 28 the

1294 7126 132 36 registry
1444 7126 30 28 in
1493 7121 126 33 Ireland
1633 7120 44 28 all
1696 7123 63 28 who
1775 7132 54 19 are
1844 7126 55 25 not
1923 7126 85 25 most
2030 7121 121 35 clearly
2164 7117 129 31 entitled
2310 7120 31 25 to
2356 7124 19 20 a

1296 7170 77 22 vote.
1417 7165 109 27 Under
1540 7162 52 30 the
1614 7165 128 30 present
1765 7165 80 27 state
1866 7162 35 28 of
1924 7162 115 36 things,
2065 7162 90 27 those
2178 7159 65 27 who
2257 7165 54 19 are
2323 7156 52 28 the

1293 7205 135 28 enemies
1443 7203 35 28 of
1490 7203 54 28 the
1557 7200 106 28 Union
1688 7198 74 36 (and
1778 7202 71 35 they
1863 7209 69 27 may
1948 7200 66 30 also
2028 7200 36 28 be
2077 7200 99 36 justly
2191 7197 117 28 termed
2323 7197 52 28 the

1299 7244 121 27 tnemies
1444 7243 38 38 of
1502 7238 135 35 Ireland)
1661 7246 54 22 are
1740 7241 128 28 enabled
1893 7246 33 24 to
1953 7241 43 27 sit
2014 7241 33 27 in
2063 7239 197 28 Parliament
2274 7239 33 25 to
2323 7236 35 28 ob-

1296 7285 101 25 struct
1413 7282 43 28 all
1482 7277 106 33 useful
1608 7277 274 36 legislation—but
1906 7282 35 27 to
1964 7279 69 28 lend
2060 7288 39 19 an
2113 7277 99 30 active
2228 7276 79 28 hand
2324 7276 52 28 for

1296 7323 52 27 the
1367 7320 277 30 dismemberment
1669 7317 35 28 of
1724 7321 50 27 the
1800 7318 225 38 Empire—the
2049 7318 194 28 destruction
2269 7317 36 28 of
2323 7317 54 27 the

1299 7361 183 27 Protestant
1510 7356 227 30 Church—and
1770 7359 52 27 the
1850 7357 238 28 establishment
2115 7356 36 28 of
2178 7356 195 36 Republican

1296 7398 178 36 principles.
1517 7397 28 27 A
1559 7397 208 28 coutinuanoe
1780 7397 36 25 of
1838 7397 52 25 tlie
1910 7400 126 28 present
2058 7395 153 30 agitation
2230 7397 83 20 must
2329 7394 30 24 in-

1296 7436 134 35 evitably
1444 7436 68 27 lead
1537 7439 31 22 to
1584 7443 38 17 an
1646 7433 145 35 agrarian
1808 7435 135 22 war—to
1970 7438 16 17 a
2011 7433 121 22 contest
2154 7428 128 25 between
2301 7433 55 27 pro-

1296 7480 90 31 perty
1400 7474 60 30 and
1474 7471 254 39 population—to
1753 7477 19 19 a
1795 7466 112 43 servile
1921 7465 98 36 strife,
2046 7465 94 27 which
2161 7466 85 27 must
2260 7463 58 28 end
2340 7463 33 28 in

1294 7513 124 38 general
1444 7515 71 27 ruin
1540 7512 61 28 and
1625 7509 184 30 desolation.
1852 7506 71 28 And
1948 7509 49 35 yet
2013 7504 80 30 what
2115 7512 52 20 are
2192 7504 50 28 the
2266 7512 106 20 means

1296 7554 153 38 proposed
1466 7556 31 25 to
1513 7554 101 25 arrest
1628 7550 61 28 this
1704 7546 131 30 terrible
1852 7545 112 36 result,
1986 7545 39 36 by
2038 7545 54 28 the
2140 7543 101 38 Loyal
2257 7543 117 38 Repeal

1531 7591 13 28 ?
1581 7592 27 27 A
1630 7586 176 39 separation
1833 7584 36 27 of
1891 7584 126 27 Ireland
2041 7584 83 27 from
2148 7584 164 41 England;
2334 7594 39 19 an

1565 7630 82 28 Irish
1665 7625 214 31 Parliament;
1899 7622 154 28 universal
2066 7622 145 38 suffrage,
2228 7625 65 33 i.e,

1296 7680 93 22 everv
1406 7671 80 28 male
1499 7669 99 35 adult,
1613 7669 36 28 21
1666 7674 88 30 years
1767 7661 36 30 of
1814 7669 66 28 age,
1902 7661 65 27 who
1984 7663 54 27 has
2052 7666 58 25 not
2124 7663 76 28 been
2214 7663 159 30 convicled

1296 7712 38 28 of
1343 7712 98 28 crime
1454 7718 38 19 or
1501 7709 134 28 afflicted
1646 7707 69 28 with
1729 7701 117 31 mental
1855 7699 342 35 derangementvote
2211 7702 38 35 by
2261 7702 109 31 ballot;

1299 7751 183 33 shortening
1496 7748 52 28 the
1562 7748 146 28 duration
1724 7743 35 30 of
1781 7740 214 30 Parliament;
2017 7740 52 25 the
2121 7740 205 35 equalisation
2342 7740 36 27 of

1298 7789 148 30 electoral
1458 7789 142 28 districts
1652 7786 58 30 and
1726 7784 52 27 the
1817 7775 153 31 abolition
1986 7775 36 28 of
2035 7776 52 27 the
2098 7776 113 28 absurd
2225 7781 150 33 property

1586 7827 85 33 This,
1694 7819 139 41 together
1849 7814 69 28 with
1934 7814 80 25 what
2028 7822 25 17 is
2069 7816 118 25 termed
2343 7817 35 27 of

1435 7866 132 28 —which
1586 7874 107 20 means
1715 7855 183 36 converting
1921 7852 52 44 the>
1997 7852 110 27 tenant
2135 7854 135 27 '"tothe
2287 7854 71 28 land-

1301 7907 66 27 lord
1381 7888 6 52 ;
1409 7904 52 28 the
1477 7904 151 30 abolition
1641 7904 36 30 of
1688 7910 58 27 any
1759 7898 131 35 support
1904 7891 50 27 for
1969 7890 50 27 the
2030 7888 198 30 Established
2241 7890 134 36 Church,

1299 7945 60 30 and
1375 7945 52 28 the
1438 7942 206 31 confiscation
1658 7943 36 30 of
1715 7940 52 30 the
1787 7932 148 41 property
1950 7928 36 28 of
2006 7926 52 30 the
2082 7928 159 28 absentees
2276 7937 25 19 is
2324 7929 52 27 the

1299 7983 186 30 foundation
1501 7983 36 25 of
1554 7984 52 27 the
1620 7978 142 41 political
1778 7973 206 30 constitution
2006 7965 153 36 proposed
2181 7965 52 28 for
2250 7967 124 28 Ireland

1301 8025 36 27 bv
1353 8022 55 27 the
1460 8019 99 36 Loyal
1578 8019 148 31 National
1745 8011 112 39 Repeal
1874 8008 208 28 Association.
2145 8003 33 27 It
2203 8013 25 19 is
2254 8005 121 35 painful

1301 8066 33 25 to
1350 8060 106 30 reflect
1477 8058 71 30 that
1572 8071 69 19 men
1658 8061 98 27 whose
1781 8044 243 38 understand.ng
2044 8050 27 19 is
2094 8041 101 28 raised
2214 8043 98 28 above
2326 8043 52 28 the

1302 8099 143 30 faculties
1471 8098 35 27 of
1528 8099 54 28 the
1605 8093 208 44 savage-and
1838 8093 87 25 more
1937 8082 165 38 especially
2118 8080 88 28 those
2219 8082 66 27 who
2299 8082 79 27 have

1301 8137 137 31 received
1454 8145 19 20 a
1487 8137 79 30 tithe
1575 8140 36 27 of
1624 8140 52 27 the
1688 8135 186 31 advantages
1887 8121 121 31 derived
2025 8120 82 28 from
2117 8126 61 20 civ,
2194 8121 113 25 .sat,on
2317 8120 60 27 and

1811 8165 91 27 rould
1924 8162 36 27 be
1984 8159 129 28 induced
2129 8159 33 25 to
2178 8159 134 27 tolerate
2324 8159 54 25 the

1301 8178 239 28 constitutional
1565 8178 243 33 government—
1811 8178 58 19 cou
1874 8178 43 33 ',
1946 8178 28 33 .
1994 8178 6 33 .
2099 8178 6 33 *
2121 8195 8 8 .
2150 8195 8 11 ,
2258 8205 8 6 .
2282 8178 22 33 ..
2345 8195 9 8 «

1304 8216 189 30 inculcation
1510 8189 76 55 and*
1595 8211 235 36 dissemination
1846 8205 36 30 of
1901 8203 159 27 doctrines
2074 8195 117 63 wlnch^
2191 8203 55 22 are
2260 8197 118 33 utterly

1304 8254 224 38 incompatible
1543 8258 71 27 with
1628 8258 54 27 the
1694 8254 151 30 existence
1858 8243 36 28 of
1912 8239 69 30 cnil
2014 8239 6 52 i
2057 8239 6 52 ,
2129 8274 9 3 _
2173 8260 17 11 „
2307 8244 19 27 p

1304 8296 99 36 perty,
1417 8293 61 28 and
1494 8293 52 30 the
1570 8293 214 39 preservation
1800 8285 36 30 of
1858 8276 169 36 individual
2041 8282 38 20 or
2104 8272 36 30 of
2161 8274 124 36 general
2301 8274 63 28 free-

1304 8335 83 27 don,.
1444 8332 33 27 If
1496 8332 27 30 it
1545 8334 38 28 be
1606 8340 161 27 necessary
1781 8332 31 24 to
1835 8323 124 31 destroy
1973 8321 162 30 rapacious
2159 8312 135 30 ammals
2318 8312 60 30 and

1304 8373 173 36 poisonous
1491 8375 198 35 reptiles—to
1715 8372 71 28 root
1808 8365 57 27 out
1888 8356 93 30 weeds
2020 8356 6 54 i
2172 8356 3 54 .
2235 8356 6 54 ,
2306 8356 5 54 c

1306 8409 104 39 purify
1425 8411 52 28 the
1491 8413 46 27 air
1553 8413 83 28 from
1647 8409 186 39 pestiferous
1846 8397 131 33 effluvia,
1992 8394 66 27 how
2071 8392 91 27 much
2178 8400 87 19 more
2279 8400 87 20 neces-

1392 8430 6 35 :
1433 8449 47 11 ...
1646 8438 11 27 f
1729 8447 47 17 i;,;
1781 8452 38 13 rtn
1852 8436 71 28 and.
1937 8443 31 20 in
1986 8430 61 30 self
2058 8430 134 35 defence,
2208 8433 33 25 to
2258 8439 123 19 remove

1307 8458 68 25 sary
1389 8458 28 19 is
1433 8452 25 25 it
1472 8452 33 25 to
1521 8455 154 28 extirpate
1690 8450 140 30 sedition,
1852 8450 69 20 anu,
2186 8452 8 14 >

1307 8490 30 14 *i.
1409 8488 31 16 ,„i
1605 8469 19 30 V
1691 8490 8 8 •
1852 8479 71 25 then
1940 8477 170 27 prevupon
2124 8472 41 24 its
2184 8469 99 28 vitals.
2321 8469 16 28 I
2346 8471 35 27 he

1307 8490 88 27 those
1409 8490 65 25 who
1488 8496 134 27 corrupt
1636 8491 124 31 society,
1778 8491 58 20 ana
1852 8490 44 16 uu
1907 8490 16 13 u
1940 8490 19 20 y
1997 8499 9 6 .
2047 8490 9 16 i

1307 8529 55 27 law
1378 8528 36 28 of
1422 8528 203 28 self-defence
1649 8532 25 24 is
1688 8523 124 33 eaually
1825 8528 33 20 as
1871 8510 176 41 applicable
2060 8512 33 24 to
2109 8517 17 17 a
2140 8512 194 33 community
2348 8518 33 19 as

1499 8548 6 36 ~
1573 8570 8 14 ,
1676 8548 6 36 ,
1759 8553 214 31 r'nvermnent
1983 8548 69 30 that
2065 8551 135 33 permits
2208 8551 41 25 its
2263 8556 120 28 powers

1309 8573 31 24 to
1354 8576 41 19 an
1411 8567 172 30 individual
1597 8580 8 24 ;
1625 8570 60 28 and
1699 8569 50 27 the
1759 8567 195 24 (rovcuiiiui.
2069 8567 5 36 t
2266 8567 8 17 ,

1310 8613 30 24 to
1369 8606 38 28 be
1430 8608 134 36 usurped
1587 8609 39 35 by
1654 8595 222 41 unauthorised
1901 8586 208 36 individuals;
2142 8586 96 30 which
2265 8589 120 36 qmetly

1310 8647 156 27 sanctions
1482 8647 50 27 the
1546 8649 189 33 assembling
1748 8641 36 30 of
1803 8644 68 22 men
1887 8633 31 28 in
1934 8630 90 28 tho™

1310 8685 33 30 of
1354 8687 189 35 over-awing
1556 8688 54 27 the
1625 8688 102 30 State;
1750 8680 58 31 and
1825 8671 93 33 which
1943 8665 274 61 silentlypermits
2299 8669 69 27 wide-

1310 8726 109 36 spread
1436 8726 58 27 and
1512 8726 142 36 repeated
1680 8718 187 36 inculcation
1883 8710 35 28 of
1964 8710 6 52 i
2069 8710 5 52 ■
2083 8710 85 52 ■<
2183 8710 13 52 *■
2294 8717 16 20 e
2324 8718 39 19 an

1380 8746 6 33 .
1510 8765 8 14 i
1562 8769 8 11 t.
1595 8746 5 33 •
1685 8765 20 14 *»
1765 8748 214 31 ttfivrrnment
1992 8746 54 25 has
2068 8746 157 25 abdicated
2241 8750 41 25 its
2299 8748 69 27 func-

1310 8765 176 28 anarchical
1501 8765 169 35 doctrines,
1685 8765 68 28 that
1765 8765 94 20 uovu
2310 8786 8 14 ,

1469 8803 8 8 *
1509 8786 6 30 i
1663 8786 6 30 '
1917 8787 27 27 It
1959 8792 25 20 is
2000 8786 71 25 thus
2085 8786 69 24 that
2169 8786 128 28 nations
2310 8786 76 30 have

1310 8808 94 31 tions,
1419 8803 61 27 and
1499 8803 139 30 deserves
2334 8803 17 13 »

1312 8841 151 39 perished,
1485 8843 60 28 and
1570 8843 98 38 justly
1948 8863 33 30 ds
1989 8833 44 55 'of
2052 8839 71 47 civil
2151 8858 63 38 life,

1312 8891 68 60 Sin
1980 8899 121 39 private
2121 8899 27 27 ri
2150 8907 20 30 g
2172 8899 52 31 Uu
2236 8902 61 28 and
2312 8902 77 38 p.*.

1315 8962 41 28 lie
1372 8961 110 28 virtue.

1356 9011 24 22 T
1392 8991 5 43 .
1408 9019 20 14 v
1439 8991 5 43 .
1457 9017 52 16 Tm
1513 9019 19 9 v
1562 9019 35 14 lv
1628 9011 156 22 TppuND
1820 8998 176 30 ENGLAND,
2025 8994 68 24 AND
2123 8991 266 31 SCOTLAND.—In

1315 9169 132 28 amount
1471 9170 35 25 to
1529 9167 96 30 about
1639 9167 60 28 five
2069 9191 19 20 ~
2323 9156 41 22 ™
2387 9156 6 55 ;

1318 9293 126 22 annun,.
1490 9285 36 30 r„
1551 9282 148 33 Scotland
1728 9279 50 30 the
1800 9265 140 44 impend

1318 9324 148 72 ihSW
1485 9370 20 20 a
1526 9324 77 71 a
1624 9369 57 30 per
1839 9332 8 14 '
2157 9340 191 68 ST'"i°"

1318 9411 87 20 more
1419 9403 74 27 than
1510 9402 150 30 one-half
1671 9400 68 30 that
1754 9395 33 28 of
1805 9387 128 38 hnglam

1318 9441 117 33 tribute
1447 9441 194 38 one-twelfth
1655 9439 35 31 of
1701 9439 52 30 the
1775 9438 83 27 taxes
1874 9425 35 31 of
1929 9422 52 30 the
1995 9425 118 31 empne
2154 9420 60 28 aul
2231 9420 164 38 Scotland.

2430 350 71 28 with
2524 359 17 19 a
2565 351 186 36 population
2778 353 76 36 only
2868 354 159 28 one-third
3043 353 58 27 less
3126 348 74 30 than
3228 343 137 38 Ireland,
3387 348 104 28 contri-

2428 389 90 28 butes
2534 398 17 20 a
2564 395 121 30 greater
2696 395 94 33 quota
2805 397 33 24 to
2854 392 52 28 the
2920 394 132 35 support
3066 389 35 28 of
3112 387 55 28 the
3176 386 227 28 Government.
3441 386 66 28 The

2430 428 96 28 whole
2539 430 36 28 of
2586 430 52 28 the
2663 439 131 19 revenue
2817 431 99 30 raised
2942 431 31 27 in
2994 428 123 30 Ireland
3142 425 25 28 is
3192 427 91 35 spent
3309 424 31 28 in
3359 424 146 38 Ireland;

2430 466 55 27 but
2501 466 148 30 Scotland
2666 471 194 27 contributes
2874 469 153 35 annually
3041 472 85 22 more
3140 463 76 30 than
3231 463 279 31 three-and-a-half

2430 506 142 30 millions
2592 507 134 39 sterling
2748 510 30 27 in
2794 517 135 20 revenue
2946 507 91 30 alone
3060 507 31 25 to
3107 504 49 28 the
3173 502 117 28 British
3313 502 192 39 exchequer!

2430 543 107 30 While
2561 546 54 28 the
2633 546 150 38 Imperial
2800 548 194 28 Parliament
3017 543 96 30 levied
3134 540 206 36 £64,115,972
3356 546 88 27 taxes
3466 554 39 19 on

2430 584 109 28 twelve
2551 586 128 28 articles
2701 587 33 27 in
2750 587 99 27 Great
2865 586 132 31 Britain,
3011 592 39 19 on
3079 581 50 28 the
3145 589 82 20 same
3241 581 129 30 articles
3392 584 117 38 during

2430 622 52 28 the
2507 631 85 20 same
2614 625 117 36 period,
2756 625 52 27 the
2831 625 140 27 taxation
2994 622 96 28 levied
3115 628 68 22 was,
3209 620 30 27 in
3268 620 140 38 Ireland,
3433 625 74 36 only

2430 661 216 38 £24.179,331,
2658 665 128 35 making
2798 672 17 19 a
2830 663 164 28 difference
3005 661 30 27 in
3041 660 118 36 favour
3170 658 38 36 of
3214 660 128 30 Ireland
3353 663 36 28 of
3402 665 109 35 nearly

2424 699 93 38 forty
2531 702 132 28 millions
2674 702 126 36 sterling
2811 702 16 28 !
2866 698 225 36 .£245,110,108
3112 699 135 36 sterliug
3272 709 58 20 was
3353 702 101 28 raised
3477 704 30 28 in

2430 739 99 30 Great
2543 740 124 30 Britain
2683 751 39 19 on
2740 742 106 28 twelve
2860 737 134 36 articles,
3008 737 96 30 which
3120 737 31 28 in
3164 737 129 30 Ireland
3307 740 156 38 werefree
3477 743 36 35 of

2430 778 76 36 duty
2529 780 115 38 during
2660 781 198 36 thirty-three
2879 787 88 27 years
2989 778 82 27 siuce
3093 776 52 28 the
3161 776 118 30 Union.
3321 778 68 30 The
3414 781 98 30 whole

2430 819 142 28 taxation
2597 820 36 27 of
2654 820 128 28 Ireland
2794 820 74 27 does
2882 820 57 27 not
2953 814 101 30 afford
3068 825 19 19 a
3101 816 154 28 sufficient
3280 825 69 20 sum
3364 822 33 25 to
3411 828 60 28 pay
3493 830 19 19 a

2430 855 61 28 fair
2506 861 98 31 quota
2616 858 36 28 of
2660 860 52 28 the
2723 866 148 30 expenses
2885 855 145 30 incurred
3041 863 41 20 on
3098 855 107 28 behalf
3216 855 36 28 of
3263 855 128 30 Ireland
3405 858 39 27 bv
3458 860 52 28 the

2431 894 151 36 Imperial
2602 898 165 36 Treasury.
2811 894 126 30 Ireland
2961 894 27 28 is
3013 902 68 20 now
3101 904 61 20 one
3186 894 36 30 of
3241 896 54 28 the
3315 896 82 28 least
3419 899 91 27 taxed

2430 935 161 28 countries
2617 937 31 30 in
2676 934 146 39 Europe;
2843 935 54 28 the
2909 935 131 27 amount
3054 934 36 28 of
3102 937 87 25 taxes
3200 934 101 28 levied
3315 943 57 28 per
3386 935 76 30 head
3477 939 33 27 in

2433 973 126 30 Ireland
2575 976 27 27 is
2616 976 76 36 only
2701 973 143 31 one-half
2855 973 52 28 the
2917 976 132 24 amount
3063 972 96 30 levied
3175 976 33 25 at
3219 973 55 28 the
3287 975 110 35 period
3411 976 36 27 of
3460 976 52 28 the

2430 1009 129 38 Union;
2581 1014 52 28 the
2649 1019 85 25 taxes
2750 1014 96 28 levied
2861 1014 31 25 in
2907 1011 126 28 Ireland
3047 1020 54 19 are
3115 1011 77 36 only
3202 1011 146 30 one-fifth
3364 1022 57 28 per
3433 1014 77 30 head

2430 1050 52 28 the
2506 1057 132 25 amount
2663 1054 96 28 levied
2786 1054 31 27 in
2844 1050 156 36 England,
3038 1050 63 28 and
3121 1052 161 28 one-third
3306 1052 54 28 the
3378 1058 134 25 amount

2430 1088 99 30 levied
2553 1093 33 27 in
2614 1093 157 30 Scotland.
2816 1091 36 27 In
2877 1088 202 36 thirty-three
3101 1098 88 27 years
3211 1090 54 28 the
3285 1090 170 31 difference
3479 1093 35 28 of

2430 1131 140 28 taxation
2594 1132 134 28 between
2756 1132 96 27 Great
2877 1129 123 28 Britain
3025 1129 60 27 and
3112 1129 129 27 Ireland
3266 1129 27 28 is
3321 1140 88 19 more
3433 1132 77 30 than

2431 1167 83 28 three
2529 1169 137 31 hundred
2682 1170 128 28 millions
2822 1167 128 36 sterling
2959 1167 31 28 in
3008 1165 112 30 favour
3134 1167 38 28 of
3180 1167 148 39 Ireland;
3348 1170 61 30 and
3425 1173 87 28 there

2430 1206 55 31 has
2501 1208 74 30 been
2591 1220 39 19 no
2649 1211 148 28 violation
2813 1208 36 28 of
2860 1208 52 28 the
2926 1208 61 27 Act
3002 1206 36 28 of
3052 1205 118 31 Uuion.

2471 1255 99 31 Irish
2598 1258 298 31 Parliamentary
2920 1255 362 33 Representation.—
3296 1260 128 31 Ireland
3452 1271 58 20 was

2430 1296 123 28 neither
2567 1299 39 36 by
2622 1299 195 36 population,
2833 1296 96 31 trade,
2945 1296 118 33 wealth,
3083 1306 38 19 or
3148 1299 208 36 intelligence,
3378 1302 134 27 entitled

2431 1335 36 35 by
2485 1335 82 36 right
2583 1340 33 25 to
2631 1339 72 28 send
2720 1346 60 19 one
2794 1334 139 31 hundred
2948 1332 156 31 Members
3120 1340 33 24 to
3169 1337 52 28 the
3239 1337 148 36 Imperial
3405 1339 88 36 Legis-

2430 1373 104 30 lature
2550 1376 31 27 in
2597 1376 87 28 1801.
2726 1376 129 28 Neither
2869 1375 33 27 in
2915 1373 156 36 England,
3082 1373 139 36 Ireland,
3231 1384 38 19 or
3285 1376 159 35 Scotland,
3455 1378 55 28 has

2430 1422 85 19 mere
2531 1417 187 35 population
2739 1424 72 20 ever
2833 1414 76 28 been
2931 1411 54 30 the
3005 1416 63 25 test
3087 1413 36 27 of
3137 1413 255 36 Parliamentary
3405 1424 88 28 repre-

2430 1455 157 27 sentation
2602 1450 6 39 ;
2630 1455 60 28 and
2702 1454 112 36 simple
2825 1452 113 38 justice
2951 1454 31 25 at
2994 1450 52 28 the
3060 1452 107 35 period
3181 1452 35 25 of
3225 1452 54 27 the
3290 1450 107 30 Union
3411 1455 101 28 would

2431 1491 77 30 have
2521 1494 227 35 proportioned
2764 1493 52 28 the
2830 1491 247 38 representation
3093 1488 36 28 of
3143 1490 126 27 Ireland
3293 1491 31 27 in
3340 1491 54 28 the
3409 1491 82 39 Impe-

2431 1531 58 27 rial
2517 1532 195 30 Parliament
2735 1534 31 27 in
2792 1532 52 27 the
2868 1537 83 22 same
2975 1529 82 27 ratio
3082 1535 33 20 as
3139 1529 50 27 the
3205 1528 157 36 Revenue,
3376 1534 135 36 namely,

2460 1570 31 28 in
2510 1572 52 28 the
2575 1573 189 36 proportion
2780 1570 36 30 of
2827 1569 104 30 fifteen
2948 1573 87 33 parts
3049 1567 50 28 for
3113 1567 98 28 Great
3227 1567 135 36 Britain,
3375 1572 61 28 and
3449 1576 63 25 two

2430 1613 87 31 parts
2531 1611 50 28 for
2798 1609 96 33 Thus,
2909 1609 54 27 the
2975 1609 121 27 utmost
3110 1606 131 27 number
3263 1606 36 27 of
3318 1616 176 28 representa-

2430 1647 79 30 tives
2524 1650 68 28 that
2608 1650 129 28 Ireland
2753 1658 58 19 was
2825 1647 131 30 entitled
2972 1650 31 24 to
3019 1650 33 24 at
3065 1646 54 28 the
3131 1647 77 25 time
3222 1644 35 28 of
3266 1646 52 28 the
3329 1646 109 31 Union
3454 1660 58 20 was

2430 1685 233 39 seventy-four:
2685 1691 33 27 in
2742 1688 140 30 addition
2904 1691 35 24 to
2962 1685 71 35 this,
3057 1685 180 35 twenty-six
3252 1693 88 20 more
3356 1685 156 33 Members

2430 1735 79 20 were
2531 1729 230 27 added.—How
2783 1728 107 31 stands
2913 1726 54 28 the
2989 1724 187 38 proportion
3200 1723 36 28 of
3260 1724 252 41 Parliamentary

2430 1769 247 33 representation
2704 1776 66 19 now
2792 1770 31 25 to
2849 1767 52 28 the
2921 1773 132 20 revenue
3076 1762 198 30 contributed
3296 1764 38 36 by
3359 1765 128 30 Ireland
3499 1769 11 30 ?

2431 1803 124 41 Taking
2578 1808 54 28 the
2655 1806 118 30 annual
2797 1814 132 20 revenue
2951 1803 36 30 of
3008 1803 99 28 Great
3131 1802 120 28 Britain
3277 1811 33 19 as
3340 1806 52 27 ten
3417 1806 93 30 times

2427 1849 126 31 greater
2567 1847 76 27 than
2657 1847 69 27 that
2739 1846 36 28 of
2784 1844 135 36 Ireland,
2932 1843 131 36 namely,
3076 1841 35 28 of
3123 1841 83 35 forty
3219 1841 143 30 millions
3376 1846 135 38 sterling

2431 1888 31 22 to
2487 1883 72 30 four
2575 1887 151 33 millions,
2743 1885 126 28 Ireland
2885 1883 99 28 would
3000 1882 74 35 only
3088 1882 36 27 be
3137 1880 129 28 entitled
3288 1883 31 24 to
3337 1883 72 27 send
3425 1883 71 36 fifty-

2428 1921 60 30 five
2502 1923 156 31 Members
2683 1928 33 27 to
2739 1924 54 31 the
2816 1923 151 36 Imperial
2989 1920 205 39 Legislature,
3216 1926 33 20 as
3271 1918 55 30 the
3345 1924 165 28 one-tenth

2427 1965 191 33 proportion
2644 1964 35 28 of
2690 1964 60 28 553
2764 1962 258 38 representatives
3047 1961 82 28 from
3148 1959 98 27 Great
3263 1957 135 30 Britain.
3441 1962 69 30 The

2428 2000 90 36 facts,
2540 2003 167 35 therefore,
2723 2003 90 28 stand
2827 1997 91 41 thus:
2940 2002 46 28 At
3000 2000 52 28 the
3065 1998 109 38 period
3187 1997 36 28 of
3241 1997 52 28 the
3309 1997 118 38 Uuion,
3446 2002 49 28 Ire-

2430 2039 74 28 land
2520 2041 145 30 obtained
2688 2044 31 27 in
2743 2043 54 28 the
2819 2041 151 38 Imperial
2994 2039 197 38 Legislature
3203 2038 175 35 twenty-six
3403 2047 90 30 repre-

2428 2080 170 28 sentatives
2624 2091 87 19 more
2723 2082 76 28 than
2816 2082 54 27 she
2891 2080 98 35 ought
3003 2080 33 27 in
3058 2077 112 39 justice
3194 2080 33 24 to
3254 2076 76 28 have
3353 2079 157 36 received;

2428 2120 61 27 and
2512 2124 33 24 at
2559 2121 63 27 this
2638 2124 140 24 moment
2792 2121 54 27 she
2860 2121 55 27 has
2929 2118 71 38 fifty
3014 2115 260 41 representatives
3290 2115 31 28 in
3337 2115 55 28 the
3408 2117 82 39 Impe-

2428 2157 61 30 rial
2504 2157 195 31 Parliament
2713 2169 87 20 more
2814 2161 77 28 than
2907 2159 54 28 she
2970 2159 27 28 is
3011 2157 131 30 entitled
3156 2156 38 36 by
3205 2156 57 28 her
3276 2156 235 31 contributions

2430 2200 33 25 to
2485 2198 54 27 the
2562 2200 143 36 imperial
2731 2206 132 22 revenue
2888 2203 33 25 to
2946 2198 74 28 send
3046 2200 33 25 to
3106 2197 205 28 Parliament.
3359 2194 151 33 Scotland

2427 2239 195 27 contributes
2633 2247 87 19 more
2734 2239 120 35 largely
2863 2241 35 25 to
2912 2238 54 28 the
2980 2236 142 38 imperial
3135 2243 132 20 revenue
3280 2233 74 28 than
3370 2233 139 38 Ireland,

2427 2277 61 27 and
2513 2280 50 33 yet
2592 2277 150 28 Scotland
2762 2277 55 28 has
2841 2277 57 28 but
2912 2276 181 38 fifty-three,
3110 2274 87 30 while
3222 2272 128 30 Ireland
3375 2272 52 30 has
3450 2274 58 30 105

2427 2318 261 33 representatives
2712 2318 31 27 in
2773 2317 52 28 the
2849 2317 150 38 Imperial
3025 2315 206 38 Legislature.
3282 2313 31 27 It
3340 2313 24 27 is
3387 2313 121 38 alleged

2427 2354 71 30 that
2509 2354 117 36 Wales,
2669 2356 71 28 with
2754 2365 19 19 a
2786 2356 191 38 population
2992 2356 35 30 of
3038 2354 140 35 800,000,
3194 2354 55 28 has
3263 2351 107 38 36,000
3386 2351 121 43 voters;

2427 2395 90 27 while
2540 2395 87 30 Cork
2649 2398 126 33 county,
2797 2397 72 28 with
2893 2395 129 35 720,000
3036 2395 205 33 inhabitants,
3261 2395 54 27 has
3340 2392 76 36 only
3428 2392 82 30 2000

2428 2436 113 27 voters.
2584 2435 63 28 But
2663 2435 61 28 this
2740 2444 120 28 proves,
2874 2436 33 36 if
2917 2438 76 33 true,
3013 2436 69 27 that
3096 2433 107 30 Wales
3217 2435 27 28 is
3258 2431 169 38 wealthier,
3446 2433 63 28 and

2427 2474 41 27 its
2493 2477 151 33 property
2657 2479 58 24 not
2737 2474 178 30 subdivided
2940 2476 68 27 into
3024 2483 139 19 one-acre
3186 2474 107 28 farms.
3337 2472 66 28 The
3425 2480 83 22 same

2425 2512 157 30 franchise
2606 2515 94 27 exists
2726 2513 31 27 in
2784 2513 128 27 Ireland
2928 2523 35 19 as
2986 2515 33 25 in
3043 2513 99 27 Great
3157 2513 143 31 Britain;
3323 2513 87 27 there
3424 2513 25 27 is
3466 2521 41 19 no

2427 2551 192 36 inequality;
2641 2551 60 27 and
2720 2551 50 27 the
2780 2551 76 35 only
2871 2553 91 35 point
2975 2554 35 24 to
3024 2551 36 27 be
3076 2551 154 35 regretted
3246 2559 39 19 on
3302 2550 61 27 this
3380 2550 76 27 head
3471 2550 36 33 is,

2427 2589 69 28 that
2515 2591 52 27 the
2581 2591 156 28 franchise
2761 2591 25 27 is
2811 2592 54 25 too
2880 2589 60 28 low
2962 2589 33 27 in
3014 2587 126 28 Ireland
3153 2597 8 24 ;
3181 2589 71 25 that
3266 2595 131 27 persons
3411 2587 96 30 little,

2427 2628 27 27 if
2468 2631 33 25 at
2523 2628 55 35 all,
2605 2628 143 30 removed
2764 2628 96 28 above
2883 2628 54 27 the
2948 2627 162 28 condition
3137 2625 36 28 of
3191 2625 246 36 day-labourers,
3457 2631 50 20 are

2427 2669 102 27 vested
2543 2669 72 27 with
2630 2677 19 20 a
2674 2669 71 35 high
2761 2668 143 36 political
2921 2671 85 25 trust
3022 2665 94 28 which
3134 2666 71 36 they
3219 2672 55 20 are
3298 2663 162 38 incapable
3472 2661 38 30 of

2425 2707 191 38 estimating,
2638 2709 61 27 and
2724 2707 65 28 who
2811 2715 55 20 are
2890 2706 124 35 unable,
3036 2706 38 35 by
3099 2704 82 28 their
3203 2713 74 27 very
3301 2704 150 36 position,
3474 2706 33 24 to

2425 2746 192 28 understand
2639 2748 52 27 the
2706 2748 88 36 great
2816 2746 60 28 and
2890 2745 146 36 complex
3057 2743 162 36 questions
3243 2743 94 27 which
3362 2742 98 36 ought
3474 2745 33 24 to

2424 2784 107 30 decide
2543 2795 39 19 an
2598 2786 118 28 elector
2739 2787 31 27 in
2787 2786 50 28 the
2860 2786 236 36 all-important
3110 2783 104 28 choice
3227 2781 38 28 of
3282 2791 19 20 a
3317 2784 175 35 representa-

2427 2822 72 28 tive.

2425 2932 159 35 Practice
2600 2934 43 43 of
2650 2935 195 35 Interment
2865 2937 38 31 in
2926 2935 137 33 Towns.
3113 2934 183 35 Chadwiclc
3313 2932 142 41 Report.

2468 2989 77 30 This
2572 2992 71 30 able
2671 2992 120 39 Report
2819 2997 145 36 presents
2992 3003 36 19 us
3058 2992 74 30 with
3150 3003 19 19 a
3184 3002 83 20 mass
3282 2992 36 30 of
3339 2989 90 30 novel
3444 2987 63 31 and

2420 3044 187 39 interesting
2625 3047 80 30 facts
2723 3047 31 30 in
2773 3049 112 39 regard
2904 3052 31 27 to
2953 3049 200 36 interments,
3167 3049 63 30 and
3249 3049 24 28 it
3290 3047 25 30 is
3332 3047 173 38 important

2420 3099 76 39 they
2518 3099 112 30 should
2654 3101 39 30 be
2721 3104 93 28 made
2839 3104 129 36 known,
2984 3113 33 19 as
3046 3104 30 28 in
3094 3113 91 28 every
3202 3102 200 39 probability,
3417 3104 31 25 at
3465 3109 41 20 no

2420 3153 120 30 distant
2565 3154 71 38 day,
2660 3154 173 36 legislative
2858 3162 200 25 enactments
3080 3159 63 28 will
3167 3159 38 27 be
3230 3154 167 41 grounded
3419 3162 85 30 upon

2420 3206 87 31 them
2524 3208 104 28 which
2655 3208 63 30 will
2737 3211 176 38 materially
2932 3211 82 30 alter
3039 3222 60 19 our
3128 3216 129 35 present
3285 3214 126 35 system.
3455 3208 52 30 Sir

2419 3261 109 31 James
2543 3261 139 31 Graham
2701 3272 83 20 some
2800 3263 77 30 time
2896 3274 60 30 ago
2973 3268 154 38 proposed
3143 3277 19 19 a
3186 3266 55 30 bill
3258 3268 33 28 in
3309 3266 194 30 Parliament

2419 3328 85 28 upon
2521 3318 54 30 the
2591 3318 132 38 subject,
2742 3318 58 30 but
2816 3329 102 20 aware
2934 3321 35 30 of
2986 3323 52 28 the
3050 3326 142 27 extreme
3208 3323 142 38 delicacy
3365 3321 35 30 of
3411 3320 76 39 legis-

2419 3373 93 30 lative
2528 3373 209 30 interference
2753 3373 33 30 in
2800 3373 80 30 such
2896 3380 145 33 matters,
3050 3378 165 30 withdrew
3230 3378 38 30 it.
3306 3378 94 30 Since
3417 3375 87 36 then,

2419 3430 154 36 however,
2591 3430 52 30 Mr
2658 3428 175 30 Chadwick
2849 3428 57 30 has
2921 3430 79 30 been
3017 3433 164 38 employed
3197 3433 39 38 by
3255 3433 65 30 him
3337 3436 33 27 to
3386 3431 117 30 collect

2419 3485 150 30 evidence
2584 3494 33 20 as
2633 3488 33 27 to
2682 3485 55 30 the
2751 3485 76 30 evils
2844 3485 117 38 arising
2978 3485 79 30 from
3074 3496 60 19 our
3150 3493 131 33 present
3296 3493 129 35 system,
3439 3485 63 30 and

2419 3553 115 28 expose
2561 3542 88 31 them
2665 3545 33 27 to
2713 3542 90 36 view,
2817 3540 31 30 in
2872 3542 93 28 order
2983 3545 31 27 to
3030 3543 153 28 convince
3200 3543 55 30 the
3272 3543 109 38 public
3397 3543 33 30 of
3446 3542 54 30 the

2422 3598 151 39 necessity
2589 3598 33 30 of
2636 3597 77 31 such
2729 3608 41 19 an
2797 3597 222 31 interference.
3066 3595 31 31 It
3113 3597 27 30 is
3170 3602 71 27 true
3258 3598 135 39 nothing
3409 3598 57 28 but
3482 3606 19 20 a

2420 3655 79 39 high
2515 3663 88 22 sense
2619 3654 33 31 of
2672 3654 79 39 duty
2767 3654 117 39 arising
2901 3654 80 30 from
2997 3652 55 31 the
3069 3652 128 31 baneful
3214 3661 235 31 consequences
3471 3652 36 28 of

2422 3721 58 19 our
2506 3715 129 36 present
2663 3715 126 36 system,
2814 3710 65 30 will
2907 3713 202 36 compensate
3137 3710 55 30 the
3222 3710 132 38 feelings
3383 3709 35 30 of
3452 3707 54 30 the

2422 3765 98 41 living
2534 3767 33 28 in
2584 3767 110 38 regard
2712 3770 33 25 to
2770 3775 61 31 any
2847 3767 93 30 mode
2956 3765 36 30 of
3006 3767 173 38 legislative
3200 3764 211 31 interference
3428 3762 76 30 with

2422 3820 55 28 the
2493 3820 137 28 remains
2644 3830 36 19 or
2698 3822 54 28 the
2767 3820 184 39 sepulchres
2967 3820 33 28 of
3016 3822 83 28 their
3115 3822 153 36 departed
3287 3820 128 30 friends.
3438 3819 68 30 The

2422 3874 87 30 chief
2531 3876 200 28 conclusions
2756 3876 104 28 which
2888 3877 55 27 the
2972 3877 121 35 Report
3121 3876 107 28 before
3255 3885 36 19 us
3318 3885 132 28 appears
3474 3877 33 27 to

2422 3929 148 30 establish
2586 3937 33 22 as
2636 3932 33 27 to
2685 3929 55 30 the
2759 3929 77 30 evils
2852 3928 104 30 which
2973 3928 126 39 require
3118 3929 140 39 remedy,
3274 3939 99 22 are—

2493 3983 57 30 Ist.
2573 3983 83 28 That
2680 3983 54 28 the
2756 3981 198 30 emanations
2978 3981 85 30 from
3087 3983 120 28 human
3222 3986 137 28 remains
3373 3992 55 22 are
3441 3983 36 28 of
3488 3991 17 20 a

2424 4027 113 25 nature
2561 4025 35 25 to
2619 4022 137 36 produce
2781 4020 79 28 fatal
2883 4022 126 36 disease,
3033 4022 60 28 aud
3109 4025 35 27 to
3167 4024 128 36 depress
3310 4025 54 28 the
3378 4022 126 39 general

2422 4063 106 27 health
2542 4061 36 27 of
2595 4061 175 27 whosoever
2784 4060 27 28 is
2825 4060 134 36 exposed
2980 4065 35 25 to
3028 4061 83 28 them
3126 4060 6 36 ;
3154 4063 60 27 and
3230 4063 69 30 that
3318 4065 186 28 interments

2424 4101 33 28 in
2480 4101 54 28 the
2559 4099 82 39 vault
2657 4099 17 39 3
2690 4099 33 39 of
2743 4099 161 36 churches,
2928 4110 38 19 or
2980 4101 33 30 in
3038 4102 198 36 grave-yards
3258 4101 194 31 surrounded
3466 4101 38 35 by

2424 4139 157 28 inhabited
2603 4139 121 35 houses,
2739 4140 181 28 contribute
2943 4143 35 27 to
2992 4142 55 28 the
3061 4151 82 19 mass
3159 4143 36 27 of
3216 4142 209 36 atmospheric
3441 4140 60 27 and

2422 4178 93 28 other
2539 4178 176 36 impurities
2737 4178 39 36 by
2802 4178 94 30 which
2923 4181 52 28 the
3000 4183 126 35 general
3154 4181 106 30 health
3287 4181 60 30 and
3373 4186 129 28 average

2422 4217 148 27 duration
2586 4216 36 28 of
2633 4217 55 28 life
2701 4217 36 30 of
2750 4219 52 28 the
2816 4219 195 30 inhabitants
3025 4222 27 27 is
3066 4222 200 27 diminished.

2491 4255 49 30 2d.
2564 4255 83 30 That
2660 4258 52 27 the
2726 4258 104 38 places
2844 4260 36 28 of
2891 4260 104 30 burial
3008 4261 33 28 in
3055 4265 98 25 towns
3165 4269 36 20 or
3214 4258 137 30 crowded
3364 4255 139 30 districts

2424 4304 54 19 are
2499 4296 126 38 usually
2638 4298 151 30 destitute
2814 4299 35 28 of
2871 4307 115 30 proper
3008 4299 153 30 seclusion
3186 4307 39 20 or
3249 4304 107 22 means
3381 4296 49 27 for
3444 4294 38 27 im-

2422 4337 139 36 pressive
2584 4337 150 38 religious
2761 4340 126 35 service,
2912 4340 60 27 and
2995 4348 54 19 arc
3077 4340 131 35 exposed
3230 4342 33 24 to
3291 4334 208 30 desecrations

2425 4375 159 39 revolting
2606 4380 31 27 to
2652 4378 54 28 the
2729 4378 137 38 popular
2890 4378 151 36 feelings;
3066 4378 58 28 and
3140 4378 68 28 that
3224 4375 129 36 feelings
3369 4373 35 28 of
3414 4380 69 20 aver-

2425 4417 69 27 sion
2510 4425 54 19 are
2578 4417 148 30 manifest
2740 4419 33 27 in
2789 4419 52 27 the
2860 4419 176 35 increasing
3049 4416 154 30 removals
3217 4424 38 19 or
3271 4413 231 30 abandonment

2422 4455 38 28 of
2471 4455 109 38 family
2597 4458 102 27 vaults
2710 4458 60 27 and
2784 4458 106 36 places
2904 4455 36 30 of
2951 4455 112 35 burial,
3074 4455 60 28 and
3150 4455 54 28 the
3214 4452 186 38 preference,
3414 4449 85 30 often

2424 4499 35 24 at
2482 4496 157 30 increased
2663 4504 143 30 expense,
2819 4496 36 28 of
2874 4498 187 27 interments
3087 4496 33 27 in
3135 4493 156 30 suburban
3313 4490 187 33 cemeteries,

2425 4535 96 28 which
2535 4545 55 19 are
2603 4537 104 27 better
2720 4535 88 28 fitted
2822 4539 33 25 to
2871 4535 82 28 raise
2975 4534 117 30 mental
3107 4534 203 28 associations
3326 4531 36 30 of
3378 4532 121 35 greater

2424 4575 96 36 quiet,
2534 4578 132 33 respect,
2680 4576 61 27 and
2756 4575 137 36 security
2907 4584 33 19 as
2954 4575 106 36 places
3074 4573 36 30 of
3121 4581 117 28 repose.

2567 4614 82 30 That
2672 4614 54 28 the
2746 4617 137 35 greatest
2906 4614 107 38 injury
3036 4614 79 27 done
3139 4613 38 35 by
3198 4611 194 28 emanations
3417 4606 82 28 from

2424 4655 224 35 decomposing
2671 4655 137 27 remains
2831 4654 38 28 of
2888 4654 52 36 {he
2954 4652 76 28 dead
3047 4655 33 25 to
3104 4652 52 27 the
3170 4649 104 28 health
3291 4649 35 28 of
3339 4649 50 28 the
3403 4647 98 35 living

2425 4693 35 30 of
2482 4694 52 28 the
2557 4693 167 36 labouring
2746 4693 124 36 classes,
2896 4693 33 27 in
2954 4699 93 27 many
3060 4690 157 36 populous
3241 4688 148 33 districts,
3405 4685 96 28 arises

2425 4732 83 30 from
2534 4734 52 28 the
2609 4732 77 36 long
2710 4732 156 28 retention
2882 4731 36 27 of
2929 4732 52 27 the
3005 4729 80 35 body
3099 4729 102 27 before
3216 4728 172 27 interment
3403 4726 27 25 in
3449 4723 52 28 the

2427 4773 99 36 single
2540 4781 106 19 rooms
2669 4773 31 25 in
2717 4772 96 28 which
2827 4770 135 28 families
2986 4769 36 28 of
3033 4769 88 27 those
3145 4765 113 30 classes
3274 4765 61 27 live
3350 4764 60 30 and
3425 4764 76 28 have

2425 4813 82 28 their
2531 4811 106 35 meals,
2660 4811 60 27 and
2745 4811 93 35 sleep,
2863 4808 60 28 and
2948 4808 98 28 where
3060 4806 52 28 the
3132 4806 117 31 deaths,
3265 4805 31 27 in
3312 4805 54 28 the
3378 4806 121 35 greater

2425 4850 132 28 number
2572 4850 36 27 of
2630 4850 162 31 instances,
2806 4847 74 28 take
2893 4847 88 35 place
2994 4843 6 39 ;
3025 4846 60 27 and
3101 4844 69 28 that
3195 4843 117 35 closely
3332 4843 170 28 successive

2425 4890 107 28 deaths
2545 4888 36 28 of
2594 4888 151 27 members
2759 4887 36 28 of
2806 4887 54 27 the
2880 4893 85 20 same
2978 4883 120 35 family,
3112 4882 83 30 from
3209 4882 54 28 the
3277 4890 83 20 same
3373 4882 129 35 disease,

2425 4937 55 20 are
2504 4937 71 27 very
2591 4926 143 36 frequent
2757 4928 146 35 amongst
2926 4924 54 28 the
3003 4923 167 38 labouring
3189 4921 115 30 classes
3318 4921 6 43 ;
3348 4921 60 28 and
3424 4921 79 36 that,

2427 4970 99 19 iciioi-n
2540 4969 52 20 tiio
2745 4967 57 27 JisLii
2816 4970 58 24 not
2893 4964 74 30 barn
2981 4962 181 31 occasioned
3187 4962 39 35 by
3241 4962 54 27 the
3307 4964 192 28 emanation;
3499 4956 3 41 1
3502 4956 3 41 .
3524 4956 2 41 '

2425 5006 85 27 from
2523 5006 54 27 the
2589 5003 72 30 first
2674 5003 76 28 dead
2773 5003 90 35 body,
2877 5011 35 19 as
2935 5002 178 28 sometimes
3137 5008 131 28 appears
3282 5005 33 24 to
3337 5000 77 30 have
3428 5002 72 28 been

2425 5044 55 27 the
2491 5052 79 25 case,
2584 5052 38 19 or
2636 5044 98 27 where
2743 5043 52 27 the
2808 5043 120 27 disease
2937 5041 55 28 has
3006 5041 98 28 either
3115 5041 104 25 arisen
3233 5038 82 28 from
3326 5047 19 19 a
3359 5049 145 20 common

2425 5090 98 25 cause,
2539 5090 36 20 or
2592 5090 69 27 may
2676 5082 76 27 have
2765 5080 74 28 been
2855 5079 247 28 communicated
3126 5077 106 28 before
3244 5077 90 27 death
3351 5077 83 31 from
3450 5082 54 28 the

2425 5120 101 35 living
2540 5128 123 27 person,
2677 5120 49 27 the
2740 5120 131 25 diseases
2887 5126 54 19 are
2951 5117 186 36 apparently
3146 5115 148 28 rendered
3310 5118 93 28 much
3419 5129 88 20 more

2425 5156 77 28 fatal
2520 5157 36 35 by
2572 5157 61 27 this
2658 5156 134 36 practice
2808 5156 36 28 of
2858 5156 49 28 the
2921 5156 156 27 retention
3093 5153 36 28 of
3151 5153 52 28 the
3217 5153 77 28 dead
3310 5154 80 38 body
3405 5159 31 27 in
3455 5159 52 30 the

2425 5203 60 19 one
2499 5195 101 35 living
2614 5203 88 19 room
2718 5195 148 33 previous
2880 5197 31 24 to
2928 5194 181 27 interment.

2493 5233 63 27 4th.
2581 5233 82 27 That
2685 5233 61 25 this
2773 5233 137 33 practice
2923 5230 38 28 of
2978 5230 52 28 the
3044 5230 172 36 prolonged
3233 5233 157 30 retention
3408 5236 36 27 of
3457 5238 52 28 the

2424 5271 76 28 dead
2510 5272 31 27 in
2554 5271 74 28 such
2638 5269 137 30 crowded
2789 5277 115 24 rooms,
2913 5269 118 27 besides
3041 5269 93 35 being
3148 5269 175 38 physically
3334 5272 159 38 injurious

2425 5310 27 28 is
2466 5310 137 33 morally
2617 5309 169 36 degrading
2800 5307 60 28 and
2877 5307 203 36 brutalizing.

2581 5348 83 27 That
2688 5348 63 27 this
2773 5346 135 36 practice
2924 5346 25 27 is
2964 5345 178 36 frequently
3156 5346 50 28 the
3222 5351 85 25 most
3320 5353 187 38 powerfully

2425 5386 172 30 influenced
2611 5386 38 36 by
2663 5386 52 28 the
2729 5386 153 35 difficulty
2896 5384 36 30 of
2943 5386 120 36 raising
3077 5386 52 28 the
3143 5394 150 28 expenses
3307 5389 36 28 of
3356 5391 140 31 funerals

2427 5427 94 28 which
2548 5427 30 25 in
2603 5425 63 28 this
2691 5430 134 30 country
2839 5433 87 27 press
2942 5425 178 35 grievously
3134 5433 41 19 on
3195 5425 54 30 the
3263 5425 170 43 labouring
3447 5435 60 27 and

2425 5465 118 28 middle
2567 5465 113 28 classes
2704 5465 35 28 of
2762 5465 52 27 the
2836 5463 205 36 community,
3063 5463 60 28 and
3148 5472 52 19 are
3225 5469 206 36 extravagant
3447 5474 61 27 and

2425 5504 139 28 wasteful
2591 5507 35 25 to
2647 5504 46 28 all
2721 5504 124 36 classes,
2872 5504 61 28 and
2962 5502 142 30 occasion
3134 5512 104 20 severe
3266 5504 154 43 suffering
3447 5512 60 28 aud

2425 5543 101 28 moral
2543 5543 71 28 evil.

2581 5581 93 28 That.,
2699 5591 39 20 on
2765 5583 54 28 the
2838 5583 68 28 best
2929 5583 175 36 proximate
3129 5583 159 28 estimates
3312 5584 96 33 which
3433 5589 77 30 have

2425 5622 74 27 been
2524 5620 98 33 made,
2647 5622 52 27 the
2721 5622 80 27 total
2828 5625 132 25 amount
2983 5622 36 27 of
3030 5622 54 27 the
3098 5622 98 28 whole
3209 5622 36 27 of
3269 5624 50 28 the
3334 5627 107 38 yearly
3455 5638 35 20 ex-

2425 5669 112 28 penses
2562 5660 35 28 of
2619 5660 140 28 funerals
2783 5661 31 27 in
2839 5661 54 27 the
2924 5660 186 36 metropolis
3134 5666 120 24 cannot
3280 5663 36 27 be
3345 5663 61 31 less
3433 5669 77 27 than

2428 5701 132 27 between
2575 5699 47 27 six
2638 5699 58 27 and
2715 5709 88 20 seven
2830 5699 142 28 hundred
2987 5699 156 28 thousand
3167 5701 135 36 pounds,
3317 5704 60 28 and
3394 5706 50 28 for
3460 5709 52 27 the

2430 5737 93 28 whole
2537 5737 36 28 of
2586 5737 98 30 Great
2699 5739 123 28 Britain
2833 5740 132 28 between
2981 5739 72 28 four
3069 5740 60 27 and
3143 5737 60 30 five
3217 5742 145 30 millions
3376 5746 135 38 sterling

2428 5786 57 28 per
2499 5786 129 19 annum.

2584 5816 82 28 That
2679 5817 30 30 it
2721 5825 142 28 appears,
2877 5827 85 28 upon
2973 5819 213 28 examination
3203 5819 31 28 in
3249 5819 55 30 the
3313 5825 197 36 metropolis,

2428 5855 69 28 that
2518 5855 279 36 notwithstanding
2811 5858 54 27 the
2877 5861 93 31 great
2989 5866 132 27 expense
3135 5858 36 30 of
3184 5858 150 36 funerals,
3351 5863 52 27 the
3419 5866 77 25 exist-

2428 5894 54 36 ing
2496 5898 235 31 arrangements
2743 5893 50 30 for
2803 5896 191 38 conducting
3003 5898 83 28 them
3096 5907 54 19 are
3161 5907 41 19 on
3213 5907 41 27 pu
3266 5901 244 38 unsatisfactory

2430 5934 132 35 footing,
2586 5932 61 27 and
2671 5932 71 28 that
2765 5937 90 33 great
2876 5935 178 28 difficulties
3077 5937 91 27 stand
3192 5939 33 27 in
3249 5940 55 27 the
3318 5948 63 27 way
3395 5942 38 28 of
3450 5950 60 27 any

2428 5972 134 28 efficient
2586 5970 209 38 amendment,
2820 5973 104 28 whilst
2939 5975 54 28 the
3014 5976 137 35 practice
3165 5976 36 28 of
3224 5978 172 30 interment
3411 5981 33 28 in
3460 5981 52 28 the

2428 6011 137 30 crowdcd
2581 6011 140 27 districts
2737 6011 25 27 is
2778 6013 150 27 retained.

2496 6049 65 28 Bth.
2584 6047 82 33 That
2676 6057 39 19 on
2729 6049 50 27 the
2789 6058 186 19 occurrence
2986 6049 36 28 of
3030 6060 17 17 a
3055 6052 91 27 death
3159 6058 148 33 amongst
3318 6057 52 28 the
3381 6060 131 35 poorest

2428 6090 113 28 classes
2565 6096 38 19 or
2628 6090 145 33 amongst
2795 6090 172 35 strangers,
2991 6088 54 28 the
3068 6090 161 28 survivors
3255 6085 55 36 lire
3329 6099 181 27 commonlv

2428 6129 150 28 destitute
2598 6126 36 28 of
2655 6135 107 19 means
2786 6126 36 28 of
2841 6128 184 36 precaution
3047 6129 126 35 against
3186 6134 183 33 oppressive
3381 6124 129 39 charge's

2430 6167 60 30 and
2513 6167 38 28 of
2570 6167 203 33 trustworthy
2797 6165 106 28 advice
2926 6175 38 17 or
2987 6167 139 35 counsel,
3151 6176 33 19 as
3211 6173 31 24 to
3269 6170 54 28 the
3348 6175 106 28 modes
3458 6161 17 13 B
3477 6175 36 28 of

2428 6206 102 30 burial
2548 6206 72 28 such
2636 6214 33 19 as
2683 6214 54 19 are
2750 6203 139 30 afforded
2902 6205 38 36 by
2956 6205 52 28 the
3028 6206 77 27 civic
3121 6214 236 31 arrangements
3372 6214 36 27 of
3419 6214 91 30 other

2428 6247 139 28 civilized
2584 6246 170 28 countries.

2499 6285 65 30 9th.
2587 6285 83 30 That
2693 6294 41 20 on
2759 6285 52 30 the
2833 6291 187 22 occurrence
3038 6283 36 28 of
3091 6285 109 27 deaths
3214 6285 83 30 from
3313 6293 197 33 preventible

2428 6334 107 20 causes
2550 6326 36 28 of
2597 6326 126 35 disease,
2737 6326 88 27 there
2839 6334 54 19 are
2907 6332 41 20 no
2973 6323 169 36 appointed
3157 6332 109 20 means
3282 6326 50 30 for
3348 6331 52 28 the
3411 6332 83 28 detec-

2428 6365 68 28 tion
2510 6367 60 28 and
2586 6365 139 30 removal
2740 6367 36 28 of
2787 6365 88 28 those
2890 6372 115 25 causes,
3019 6362 61 28 and
3096 6362 69 28 that
3180 6367 161 35 strangers
3356 6372 61 27 and
3435 6381 76 19 new-
3524 6362 2 39 ■

2428 6414 131 27 comei*3,
2573 6406 115 36 having
2704 6416 39 19 no
2759 6406 148 35 warning,
2926 6413 55 20 are
2995 6403 203 35 successively
3213 6408 146 36 exposed,
3373 6411 60 27 and
3449 6411 47 28 fre-

2430 6446 131 36 quently
2575 6446 58 28 fall
2652 6447 121 27 victims
2789 6449 33 25 to
2838 6446 94 27 them.

2499 6483 85 31 10th.
2606 6485 83 30 That
2713 6493 145 22 common
2883 6490 106 22 causes
3008 6480 36 30 of
3065 6480 132 28 diseases
3219 6482 96 30 which
3331 6493 113 31 ravage
3460 6490 50 28 the

2430 6526 203 36 community,
2647 6526 36 28 of
2702 6526 54 27 the
2769 6526 107 27 extent
2899 6521 35 30 of
2945 6521 164 36 operation
3126 6521 35 25 of
3173 6521 94 27 which
3293 6532 107 22 causes
3411 6515 30 41 ]t
3455 6529 55 28 has

2428 6572 19 20 a
2460 6564 74 36 deep
2551 6565 131 28 interest
2707 6565 31 27 in
2754 6564 153 33 knowing,
2921 6569 71 28 pass
3006 6559 205 28 unexamined
3233 6562 60 27 and
3310 6564 200 39 undetected;

2430 6611 173 28 moreover,
2617 6605 69 28 that
2702 6606 30 27 in
2750 6611 93 27 many
2855 6600 140 30 districts
3011 6600 87 27 there
3118 6606 54 20 are
3186 6600 74 27 wide
3274 6608 236 30 opportunities

2430 6641 52 30 for
2498 6643 50 28 the
2573 6652 109 30 escape
2696 6644 36 28 of
2751 6644 123 31 crimes,
2898 6641 38 35 by
2951 6638 96 28 which
3063 6638 54 28 life
3131 6638 25 28 is
3180 6638 68 28 also
3263 6643 150 31 rendered
3430 6647 63 27 inse-

2428 6690 83 28 cure,
2529 6683 109 36 chiefly
2654 6685 38 36 by
2707 6683 52 28 the
2772 6682 150 28 omission
2937 6677 36 30 of
2991 6677 135 28 efficient
3139 6685 238 30 arrangements
3391 6683 50 30 for
3457 6687 54 28 the

2428 6721 60 30 due
2502 6723 195 30 verification
2712 6723 36 28 of
2761 6721 52 30 the
2827 6721 65 28 fact
2904 6718 61 30 and
2980 6726 106 19 causes
3099 6715 35 30 of
3146 6717 101 28 death.

2606 6762 83 30 That
2710 6762 54 28 the
2786 6759 148 30 numbers
2948 6756 36 30 of
3006 6756 148 35 funerals,
3170 6756 60 28 and
3246 6757 151 39 intensity
3411 6762 38 30 of
3458 6764 52 28 the

2430 6802 115 36 misery
2573 6803 164 27 attendant
2769 6808 83 28 upon
2880 6798 94 33 them,
3008 6805 74 25 vary
3110 6800 145 33 amongst
3283 6797 54 30 the
3364 6800 146 31 different

2428 6839 115 31 classes
2556 6841 38 28 of
2614 6841 118 36 society
2745 6841 31 28 in
2800 6836 189 39 proportion
3005 6838 31 25 to
3063 6835 50 28 the
3129 6835 134 28 internal
3291 6838 60 28 and
3367 6841 140 30 external

2428 6880 243 30 circumstances
2699 6880 36 28 of
2759 6879 82 28 their
2869 6874 191 30 habitations
3082 6874 6 36 :
3124 6874 71 27 that
3222 6874 54 27 the
3301 6877 109 31 deaths
3449 6882 58 28 and

2430 6918 140 30 funerals
2595 6929 74 27 vary
2683 6920 33 28 in
2743 6918 52 28 the
2817 6913 186 38 metropolis
3028 6912 82 28 from
3135 6912 16 28 1
3178 6912 30 28 in
3233 6921 91 30 every
3339 6915 43 30 30
3400 6920 38 28 of
3458 6921 52 28 the

2428 6959 189 36 population
2643 6959 151 33 annually
2808 6956 74 38 (and
2907 6962 74 20 even
3006 6961 88 24 more
3121 6951 31 27 in
3178 6951 255 36 ill-conditioned
3447 6961 47 28 dis-

2430 6998 115 38 tricts),
2561 7003 33 24 to
2608 6998 17 28 1
2643 7000 31 27 in
2688 6997 39 30 56
2743 6997 30 30 in
2786 6991 313 35 better-couditioncd
3110 6991 142 30 districts
3265 6991 6 46 ;
3288 6992 83 31 from
3386 6995 16 30 1
3417 6998 91 30 death

2428 7038 60 28 and
2504 7038 123 28 funeral
2643 7039 30 27 in
2690 7044 91 28 every
2794 7035 39 28 28
2847 7033 191 28 inhabitants
3055 7031 30 27 in
3112 7039 39 19 an
3169 7031 254 33 ill-conditioned
3436 7047 57 27 pro-

2430 7079 115 28 vincial
2559 7082 80 25 town
2663 7077 134 33 district,
2811 7079 33 24 to
2871 7071 16 30 1
2904 7072 30 28 in
2951 7071 39 28 64
3006 7071 31 28 in
3057 7079 17 20 a
3088 7069 318 35 better-conditioned
3422 7079 85 27 rural

2428 7118 143 28 district:
2595 7117 74 28 such
2693 7115 181 30 differences
2899 7112 35 28 of
2956 7110 52 28 the
3022 7110 162 27 condition
3200 7110 36 27 of
3255 7112 52 28 the
3321 7115 186 35 population

2428 7157 93 38 being
2534 7154 216 38 accompanied
2764 7154 39 35 by
2813 7151 65 30 still
2894 7151 102 28 closer
3009 7148 213 30 coincidences
3236 7151 30 27 in
3285 7151 52 27 the
3353 7154 154 30 variation

2430 7197 36 28 of
2479 7197 52 28 the
2546 7206 76 27 span
2638 7195 38 28 of
2685 7195 66 33 life,
2770 7192 54 28 the
2838 7198 128 27 average
2978 7197 55 28 age
3047 7186 35 31 of
3102 7187 43 28 all
3164 7189 65 28 who
3244 7189 49 28 die
3309 7189 31 28 in
3356 7200 88 20 some
3458 7194 38 28 ill-

2428 7236 200 30 conditioned
2652 7233 140 30 districts
2816 7230 36 30 of
2872 7230 52 28 the
2950 7227 184 36 metropolis
3150 7227 91 38 being
3265 7227 39 30 26
3320 7238 88 27 years
3424 7233 83 35 only,

2430 7277 102 27 whilst
2545 7277 33 27 in
2592 7269 313 33 better-conditioned
2931 7268 140 27 districts
3087 7266 25 28 it
3126 7266 25 27 is
3176 7265 41 31 36
3230 7265 107 39 years:
3361 7269 54 28 the
3430 7272 63 27 vari-

2430 7318 104 25 ations
2557 7313 36 28 of
2614 7312 54 28 the
2691 7320 54 25 age
2759 7310 36 27 of
2814 7309 107 28 deaths
2937 7307 91 35 being
3054 7307 31 27 in
3102 7315 85 19 some
3206 7307 178 36 provincial
3400 7313 109 31 towns,

2430 7353 74 28 such
2518 7361 33 17 as
2578 7350 165 33 Leicester,
2757 7348 82 27 from
2869 7346 35 28 15
2920 7354 87 27 years
3022 7345 31 28 in
3069 7345 52 28 the
3143 7345 254 30 ill-conditioned
3422 7351 33 24 to
3469 7348 41 28 24

2428 7397 88 25 years
2531 7391 31 24 In
2578 7389 52 24 the
2644 7384 312 28 better-conditioned
2970 7384 159 27 districts:
3154 7384 60 27 and
3230 7394 33 17 as
3277 7384 131 30 between
3427 7391 80 25 town

2428 7425 60 27 and
2504 7424 87 28 rural
2606 7424 140 28 districts
2762 7422 38 30 17
2814 7431 38 20 or
2869 7422 38 28 18
2921 7431 87 27 years
3022 7422 52 27 for
3094 7424 50 27 the
3162 7422 96 27 whole
3272 7425 187 33 populatiou
3476 7425 35 27 of

2428 7463 183 36 Liverpool,
2625 7463 60 27 aud
2696 7460 39 30 39
2748 7469 85 30 years
2844 7461 50 28 for
2906 7463 52 27 the
2970 7461 96 28 whole
3077 7461 187 38 population
3282 7460 36 30 of
3331 7461 156 28 Hereford
3499 7471 8 19 :

2427 7504 61 28 and
2510 7502 69 30 that
2603 7502 49 30 the
2677 7502 79 30 total
2773 7510 106 22 excess
2902 7501 38 30 of
2950 7501 109 31 deaths
3074 7501 60 28 and
3156 7501 142 28 funerals
3312 7501 31 28 in
3362 7499 145 36 England

2428 7543 60 30 and
2504 7543 107 30 Wales
2636 7543 101 33 alone,
2754 7543 98 28 above
2868 7543 52 27 the
2942 7540 181 38 commonly
3137 7540 137 30 attained
3296 7539 164 30 standards
3474 7540 38 27 of

2428 7583 118 36 health,
2567 7584 93 36 being
2682 7586 35 25 at
2731 7584 52 28 the
2806 7583 80 28 least
2907 7583 134 28 between
3061 7581 101 36 thirty
3175 7581 61 28 and
3252 7581 85 35 forty
3353 7578 154 28 thousand

2428 7624 161 36 annually.

2498 7674 80 36 2dli/.
2600 7674 43 28 As
2658 7676 31 27 to
2704 7674 50 28 the
2770 7672 153 30 Remedies
2937 7671 150 30 available
3099 7669 58 36 for
3172 7669 49 30 the
3236 7666 181 33 Prevention
3435 7674 35 19 or

2748 7715 181 36 Mitigation
2945 7712 38 38 of
2995 7712 80 28 these
3091 7710 94 30 Evils.

2499 7751 58 30 Ist.
2581 7751 85 30 That
2680 7753 52 28 the
2756 7757 85 25 most
2855 7753 143 28 effectual
3014 7751 60 30 and
3099 7748 156 39 principal
3272 7754 106 22 means
3392 7743 49 30 for
3455 7743 52 28 the

2428 7791 178 28 abatement
2630 7792 36 27 of
2679 7792 52 27 the
2745 7794 77 27 evils
2836 7794 38 27 of
2896 7795 186 27 interments
3094 7798 54 20 are
3172 7789 88 28 those
3274 7787 139 33 sanitary
3427 7792 61 19 mea-

2430 7836 87 19 sures
2532 7828 93 27 which
2641 7830 148 28 diminish
2803 7831 50 28 the
2866 7831 241 36 proportionate
3120 7828 145 30 numbers
3280 7827 35 28 of
3326 7819 106 35 deaths
3447 7822 60 27 and

2428 7866 153 30 funerals,
2595 7868 60 25 and
2671 7869 139 27 increase
2824 7871 52 27 the
2890 7871 148 28 duration
3052 7869 38 28 of
3102 7869 63 27 life.

2499 7901 49 30 2d.
2572 7904 83 27 That
2669 7913 41 19 on
2726 7907 52 27 the
2792 7909 120 28 several
2929 7909 112 36 special
3058 7907 146 38 grounds,
3220 7904 112 33 moral,
3348 7899 157 38 religious,

2430 7940 61 27 and
2506 7940 153 38 physical,
2672 7945 60 25 and
2748 7945 31 28 in
2795 7946 194 38 conformity
3003 7951 33 25 to
3052 7948 52 27 the
3118 7946 68 28 best
3200 7953 107 28 usages
3323 7942 60 28 and
3397 7939 93 28 autho-

2430 7980 88 27 rities
2542 7980 36 27 of
2600 7981 162 33 primitive
2786 7984 219 38 Christianity,
3028 7986 60 28 and
3112 7986 52 28 the
3186 7984 124 36 general
3328 7978 134 39 practice
3474 7975 33 28 of

2430 8017 52 27 the
2496 8020 82 24 most
2592 8019 142 28 civilized
2751 8022 129 28 modern
2899 8025 137 30 nations,
3050 8025 54 27 the
3123 8025 137 35 practice
3274 8022 35 28 of
3323 8019 184 30 interments

2430 8055 33 27 in
2480 8058 98 24 towns
2592 8057 33 27 in
2641 8058 102 27 burial
2759 8060 106 36 places
2879 8065 115 27 amidst
3006 8065 52 27 the
3082 8065 191 27 habitations
3287 8060 36 30 of
3334 8060 52 28 the
3400 8055 107 35 living,

2431 8093 61 27 and
2515 8093 52 28 the
2594 8096 139 33 practice
2757 8099 38 27 of
2819 8099 175 30 interment
3019 8104 35 25 in
3080 8102 157 31 churches,
3268 8099 98 36 ought
3394 8096 50 27 for
3458 8093 50 28 the

2433 8131 113 33 future,
2562 8132 60 27 and
2638 8134 131 28 without
2789 8145 60 28 any
2863 8140 162 35 exception
3041 8140 36 28 of
3088 8140 115 36 placcs,
3217 8148 38 20 or
3269 8134 191 41 acceptation
3476 8132 36 27 of

2431 8178 142 28 persons,
2589 8173 31 24 to
2636 8170 36 28 be
2687 8173 135 38 entirely
2836 8178 186 33 prohibited.

2502 8208 49 28 3d.
2580 8208 80 28 That
2682 8211 52 27 the
2756 8216 178 27 necessities
2954 8217 36 27 of
3013 8225 39 19 no
3069 8217 80 28 class
3164 8217 36 28 of
3211 8217 52 28 the
3277 8213 183 41 population
3477 8209 30 27 in

2433 8249 121 33 respect
2567 8249 33 25 to
2616 8247 102 28 burial
2734 8250 99 35 ought
2847 8255 33 25 to
2894 8252 38 28 be
2954 8255 181 28 abandoned
3151 8265 33 19 as
3200 8265 123 19 sources
3343 8252 35 28 of
3391 8250 120 36 private

2433 8285 195 28 emolument
2655 8288 33 25 to
2715 8290 198 28 commercial
2950 8294 216 35 associations,
3192 8294 55 28 but
3274 8294 66 28 that
3370 8287 137 31 national

2433 8324 178 28 cemeteries
2625 8323 36 30 of
2680 8334 19 19 a
2712 8326 134 30 suitable
2860 8328 191 38 description
3074 8334 99 35 ought
3189 8337 31 24 to
3236 8334 38 27 be
3288 8328 146 43 provided
3449 8326 60 27 and

2436 8364 191 28 maintained
2655 8364 47 35 (as
2729 8367 35 25 to
2792 8367 52 27 the
2871 8369 143 27 material
3044 8373 261 33 arrangements),
3334 8369 99 28 under
3458 8364 54 28 the

2435 8403 154 28 direction
2614 8403 36 27 of
2671 8403 121 28 officers
2817 8405 74 36 duly
2907 8406 145 35 qualified
3074 8408 49 28 for
3140 8411 50 25 the
3209 8419 72 19 care
3296 8409 36 28 of
3343 8408 52 28 the
3408 8403 104 38 public

2435 8441 117 31 health.

2589 8480 82 30 That
2696 8482 49 28 for
2767 8482 52 28 the
2843 8483 169 28 avoidance
3033 8483 36 28 of
3091 8485 52 28 the
3156 8487 83 35 pain,
3255 8488 58 27 and
3337 8482 99 31 moral
3452 8480 58 27 and

2438 8521 137 38 physical
2600 8521 60 28 evil
2685 8523 120 38 arising
2831 8523 83 28 from
2940 8523 52 28 the
3019 8523 173 36 prolonged
3217 8526 156 27 retention
3402 8518 36 30 of
3461 8518 52 27 the

2438 8562 79 35 body
2543 8562 33 27 in
2600 8562 54 28 the
2676 8570 106 22 rooms
2803 8562 148 38 occupied
2972 8562 39 36 by
3025 8562 52 28 the
3102 8562 109 38 living,
3236 8564 60 28 and
3312 8567 33 24 at
3365 8561 50 28 the
3431 8564 82 20 same

2439 8603 76 27 time
2543 8606 33 24 to
2605 8611 91 27 carry
2721 8606 57 25 out
2806 8603 74 27 such
2902 8606 235 31 arrangements
3164 8611 33 20 as
3227 8611 68 27 may
3313 8605 123 25 remove
3463 8595 52 28 the

2439 8641 123 38 painful
2584 8643 246 38 apprehensions
2849 8641 36 30 of
2902 8646 180 33 premature
3102 8643 197 31 interments,
3318 8638 197 30 institutions

2439 8682 38 28 of
2499 8682 110 28 houses
2635 8682 50 28 for
2710 8682 52 28 the
2786 8682 180 28 immediate
2986 8682 170 36 reception,
3181 8680 60 30 and
3265 8674 165 41 respectful
3455 8672 58 27 and

2441 8723 205 35 appropriate
2658 8731 71 19 care
2742 8721 36 28 of
2802 8723 50 27 the
2866 8723 85 31 dead,
2967 8721 99 28 under
3080 8721 145 35 superior
3249 8718 60 27 and
3324 8710 191 39 responsible

2441 8761 132 35 officers,
2595 8759 112 27 should
2731 8759 36 27 be
2791 8759 150 36 provided
2965 8759 33 27 in
3020 8767 90 27 every
3126 8762 80 24 town
3228 8756 50 27 for
3293 8754 52 28 the
3361 8759 54 20 use
3427 8748 35 28 of
3471 8748 43 27 all

2443 8800 113 28 classes
2570 8797 36 30 of
2619 8798 52 27 the
2685 8798 203 33 community.

2597 8836 83 28 That
2706 8836 50 27 for
2780 8836 54 28 the
2855 8836 176 27 abatement
3055 8833 36 30 of
3115 8831 178 38 oppressive
3315 8830 126 33 charges
3468 8825 50 27 for

2444 8877 139 30 funereal
2598 8876 170 35 materials,
2783 8874 208 33 decorations,
3002 8874 60 27 and
3077 8872 140 30 services,
3230 8869 162 36 provision
3409 8863 106 28 should

2444 8920 36 27 be
2494 8917 90 28 made
2597 8915 46 36 (in
2658 8913 191 35 conformity
2863 8917 33 24 to
2912 8910 169 30 successful
3099 8910 157 35 examples
3271 8906 128 31 abroad)
3414 8904 38 33 by
3466 8901 54 28 the

2446 8957 120 28 officers
2581 8954 113 38 having
2709 8954 112 36 charge
2835 8951 36 28 of
2888 8951 52 28 the
2954 8948 140 30 national
3110 8950 189 33 cemeteries,
3320 8945 50 28 for
3384 8943 50 27 the
3449 8948 52 27 sup-

2447 8997 54 36 ply
2521 8997 35 28 of
2578 8995 52 30 the
2655 8995 148 36 requisite
2827 8989 159 31 materials
3008 8987 60 30 and
3093 8987 140 35 services,
3258 8986 143 33 securing
3422 8984 31 24 to
3474 8981 44 25 all

2447 9036 124 35 classes,
2592 9036 55 28 but
2666 9033 165 38 especially
2852 9036 33 24 to
2907 9030 52 30 the
2978 9036 90 30 poor,
3087 9027 54 28 the
3161 9035 106 19 means
3288 9025 35 28 of
3335 9020 186 38 respectable

2449 9076 178 33 interment,
2650 9077 33 25 at
2707 9071 131 31 reduced
2861 9071 60 28 and
2948 9069 156 28 moderate
3124 9065 109 36 prices,
3260 9061 129 30 suitable
3414 9061 30 24 to
3494 9063 20 19 ic

2450 9115 117 28 station
2583 9115 35 28 of
2630 9115 52 28 the
2696 9113 154 35 deceased,
2865 9112 58 30 and
2940 9110 52 30 the
3006 9107 159 30 condition
3181 9104 35 30 of
3230 9104 52 28 the
3296 9104 167 28 survivors.

2517 9153 65 28 6th.
2606 9153 83 30 That
2713 9154 49 28 for
2789 9153 85 28 these
2898 9156 161 31 purposes,
3080 9146 60 28 and
3165 9145 49 28 for
3236 9143 145 35 carrying
3403 9142 55 22 out
3471 9142 52 17 tne

2450 9192 139 36 physical
2613 9195 238 35 arrangements
2874 9197 161 28 necessary
3058 9186 50 30 for
3132 9184 54 30 the
3208 9184 176 36 protection
3413 9184 17 17 0

2452 9230 106 38 public
2581 9231 104 28 health
2702 9233 31 27 in
2759 9235 121 35 respect
2893 9235 35 25 to
2943 9230 52 28 the
3008 9227 137 39 practice
3157 9222 36 31 of
3214 9222 178 30 interment,
3406 9224 17 19 0
3493 9258 28 2 _

2450 9269 38 30 of
2499 9271 104 28 health
2619 9271 146 36 qualified
2780 9271 39 38 by
2830 9269 129 31 medical
2975 9266 162 33 education
3153 9263 61 30 and
3225 9260 110 39 special
3351 9260 80 25 know
3452 9261 11 17 t
3490 9274 14 11 „

2452 9309 113 28 should
2580 9309 36 28 bo
2630 9310 180 38 appointed.

2608 9348 82 30 That
2712 9351 31 27 in
2759 9350 93 28 order
2866 9353 33 25 to
2921 9348 90 30 abate
3024 9346 54 28 the
3099 9340 241 41 apprehensions
3354 9337 35 27 of
3406 9340 38 52 P[
3446 9337 16 20 e
3463 9337 61 19 ™~

2454 9392 72 25 ture
2540 9387 181 36 interment,
2735 9392 33 25 to
2784 9389 93 38 bring
2888 9386 194 41 responsible
3094 9384 50 30 aid
3156 9381 60 30 and
3230 9376 135 31 counsel,
3381 9381 36 19 an
3455 9378 19 27 p

2455 9427 118 31 tcction
2595 9427 106 31 within
2723 9428 54 30 the
2797 9430 91 28 reach
2910 9430 35 28 of
2962 9430 52 28 the
3036 9430 82 25 most
3140 9420 146 31 destitute
3307 9417 167 28 survi\ors,
3510 9417 16 19 o

3565 350 124 35 protect
3704 348 52 27 the
3775 343 110 38 people
3899 346 123 35 against
4044 343 167 30 continued
4227 351 151 28 exposure
4400 345 33 24 to
4449 342 189 27 ascertained

3564 387 61 27 and
3649 384 192 39 preventable
3861 391 106 20 causes
3981 384 38 27 of
4036 384 118 27 disease
4178 384 58 27 and
4250 383 104 35 death,
4375 381 50 28 the
4439 380 154 36 principle
4608 380 36 28 of

3565 425 54 31 the
3641 425 87 38 early
3742 422 217 39 appointment
3973 422 36 27 of
4027 424 159 28 searchers
4200 422 36 28 be
4257 420 131 31 revived,
4409 420 60 28 and
4490 428 39 19 no
4545 419 79 28 inter-

3565 469 87 24 ment
3671 466 36 27 be
3721 461 126 31 allowed
3863 463 33 25 to
3912 461 71 27 take
4003 461 90 35 place
4109 463 131 27 without
4260 463 52 27 the
4332 458 192 30 verification
4542 458 36 27 of
4591 458 50 28 the

3565 504 65 28 fact
3643 504 60 28 and
3718 510 90 22 cause
3820 499 35 30 of
3866 499 90 28 death
3970 499 38 36 by
4025 501 50 28 the
4090 502 106 27 officer
4209 501 35 28 of
4257 501 115 28 health.

3633 543 65 28 Bth.
3723 543 80 28 That
3819 542 30 25 in
3863 537 44 28 all
3923 537 85 28 clear
4024 540 61 27 aud
4101 540 66 27 well
4180 540 194 30 ascertained
4387 546 83 20 cases
4485 537 35 28 of
4532 537 109 28 deaths

3565 581 82 30 from
3663 578 208 36 immediately
3885 578 176 28 removable
4082 587 106 20 causes
4203 580 35 30 of
4255 580 118 30 disease
4392 578 60 28 and
4466 576 102 35 death,
4591 576 52 28 the

3565 622 121 28 officers
3710 622 36 28 of
3767 617 104 31 health
3883 616 36 27 be
3943 616 140 28 invested
4107 619 71 28 with
4203 627 161 28 summary
4380 625 128 30 powers,
4531 617 60 27 and
4605 617 38 27 be

3565 661 194 36 responsible
3783 658 49 30 for
3855 654 172 38 exercising
4049 657 96 35 them,
4172 658 50 28 for
4246 658 54 28 the
4326 657 139 28 removal
4493 655 36 30 of
4553 655 91 28 those

3567 709 115 25 causes,
3706 699 61 28 and
3791 696 50 28 for
3865 693 50 28 the
3929 694 178 33 protection
4132 696 38 28 of
4192 699 159 36 strangers
4373 696 83 28 from
4474 694 169 30 continued

3567 746 153 30 exposure
3735 737 58 28 and
3811 731 148 36 suffering
3973 731 83 30 froin
4071 735 98 28 them.

3720 776 83 28 That
3822 773 52 27 the
3893 778 148 33 expenses
4061 773 36 27 of
4115 775 143 28 national
4280 776 180 28 cemeteries
4480 773 113 28 should
4606 773 38 27 be

3567 817 99 30 raised
3680 817 38 35 by
3734 816 88 28 loans
3835 809 128 35 bearing
3976 809 142 30 interest.

3740 854 82 28 That
3841 850 52 27 the
4115 850 35 27 of
4169 852 52 27 the
4241 854 156 38 principal
4425 854 60 28 and
4512 854 131 30 interest

3567 894 112 30 should
3702 893 38 28 be
3764 887 107 43 spread
3899 894 74 20 over
3992 894 19 19 a
4035 887 112 36 period
4167 890 36 28 of
4230 888 115 39 [thirty
4359 902 88 27 years
4458 890 27 43 ?]
4498 893 96 31 —and
4608 896 36 27 be

3567 932 131 38 charged
3712 940 33 19 as
3759 932 71 35 part
3844 926 36 28 of
3891 926 50 28 the
3951 926 128 27 reduced
4094 934 150 28 expenses
4258 929 52 27 for
4324 932 109 27 future
4446 932 197 30 interments.

3636 970 82 30 11th.
3742 970 80 28 That
3838 965 43 28 all
3904 965 102 27 burial
4024 964 61 28 fees
4110 965 60 27 and
4184 967 137 38 existing
4345 970 76 28 dues
4433 970 38 30 be
4493 973 150 27 collected

3567 1020 41 20 on
3624 1009 178 31 interment,
3816 1005 61 28 and
3893 1003 82 30 form
3989 1013 19 20 a
4022 1003 77 28 fund
4115 1003 82 28 from
4222 1006 121 30 whence
4356 1009 38 31 be
4406 1011 74 35 paid
4494 1011 54 28 the
4561 1020 63 19 com-

3567 1049 178 39 pensations
3773 1044 93 30 which
3896 1043 195 31 Parliament
4118 1052 69 27 may
4214 1047 102 27 award
4345 1050 35 25 to
4405 1050 76 27 such
4507 1050 137 38 existing

3569 1088 142 30 interests
3724 1093 33 20 as
3773 1085 24 28 it
3811 1093 69 28 may
3893 1085 38 31 be
3943 1091 161 28 necessary
4118 1085 31 27 to
4170 1083 134 36 disturb,
4320 1085 167 39 including
4506 1090 54 27 the
4572 1098 54 28 pay-

3569 1131 83 25 ment
3674 1124 36 30 of
3731 1126 55 38 th£
3805 1124 238 30 establishment
4066 1123 135 36 charges,
4227 1124 61 25 and
4315 1124 54 28 the
4394 1128 159 35 principal
4581 1129 60 27 and

3567 1165 181 31 interest'of
3757 1165 52 27 the
3825 1173 110 27 money
3950 1162 154 38 expended
4120 1162 49 27 for
4189 1161 54 27 the
4257 1164 140 28 erection
4414 1165 38 27 of
4469 1175 65 19 new
4546 1176 77 19 ceme-

3567 1206 91 30 teries
3672 1205 61 27 and
3748 1205 68 27 that
3830 1211 61 25 any
3906 1203 128 36 surplus
4055 1202 93 28 which
4170 1206 69 28 may
4255 1200 172 31 thereafter
4447 1214 112 19 accrue
4573 1216 71 27 may

3567 1247 36 27 be
3616 1241 121 39 applied
3753 1246 31 24 to
3800 1241 52 27 the
3866 1250 104 17 means
3986 1241 36 27 of
4033 1239 180 36 improving
4231 1239 52 27 the
4298 1239 107 30 health
4420 1244 36 28 of
4471 1244 50 28 the
4534 1244 110 39 living.

3742 1279 91 35 That,
3855 1287 41 19 on
3920 1279 181 35 consulting
4118 1279 49 27 the
4192 1280 183 33 experience
4395 1283 38 27 of
4452 1283 88 28 those
4554 1285 88 28 cities

3567 1323 113 31 abroad
3702 1320 96 28 where
3822 1317 50 27 the
3896 1320 135 31 greatest
4055 1317 156 27 attention
4241 1317 55 28 has
4320 1318 76 30 been
4420 1323 90 36 given
4534 1326 35 25 to
4591 1324 54 27 the

3567 1362 233 36 arrangements
3825 1354 49 30 for
3898 1354 50 28 the
3973 1354 178 36 protection
4180 1354 36 28 of
4236 1356 106 30 health
4370 1362 172 27 connected
4570 1364 71 27 with

3569 1403 195 30 interments,
3784 1398 25 27 it
3833 1402 129 30 appears
3986 1392 71 28 that
4077 1394 39 35 by
4140 1394 52 27 the
4214 1397 222 35 appointment
4458 1400 36 28 of
4513 1402 128 28 medical

3567 1443 132 31 officers,
3729 1431 243 35 unencumbered
4005 1431 39 35 by
4072 1433 121 35 private
4225 1436 148 36 practice,
4400 1447 35 19 as
4458 1439 126 30 officers
4611 1441 35 28 of

3569 1480 115 35 health,
3696 1477 60 30 and
3770 1472 143 41 qualified
3929 1472 36 31 by
3981 1471 50 28 the
4057 1472 176 35 possession
4249 1474 36 28 of
4307 1480 205 35 appropriate
4526 1480 118 27 science

3569 1520 50 28 for
3643 1518 52 28 the
3718 1513 189 31 verification
3929 1510 36 30 of
3983 1510 54 28 the
4055 1506 63 31 fact
4140 1512 60 27 and
4222 1521 107 22 causes
4351 1515 35 28 of
4403 1518 104 35 death,
4529 1520 60 27 and
4605 1520 39 35 by

3567 1556 200 36 committing
3789 1557 33 25 to
3847 1553 83 28 them
3956 1550 50 28 the
4027 1548 176 38 regulation
4230 1553 36 28 of
4288 1554 52 28 the
4364 1556 117 30 service
4501 1556 36 30 of
4546 1557 82 30 inter-

3567 1600 102 25 ments
3685 1597 30 27 in
3731 1592 140 33 national
3891 1589 186 33 cemeteries,
4091 1589 50 28 the
4156 1592 121 28 several
4299 1594 118 30 defects
4431 1597 98 28 above
4550 1598 79 35 speci-

3567 1636 58 30 fied
3638 1644 69 27 may
3720 1635 39 28 be
3783 1630 162 31 remedied,
3959 1628 60 30 and
4041 1627 69 28 that
4131 1636 66 20 new
4211 1631 60 28 and
4293 1636 247 36 comparatively
4562 1638 68 27 salu-

3567 1677 107 27 brious
3688 1674 101 38 places
3803 1672 35 28 of
3849 1669 99 30 burial
3967 1676 66 27 may
4049 1666 36 27 be
4099 1671 167 35 procured,
4285 1674 145 36 together
4444 1676 72 28 with
4531 1683 94 30 appro-

3567 1715 102 38 priate
3690 1713 148 36 religious
3857 1707 260 33 establishments,
4148 1707 131 31 wherein
4301 1712 52 28 the
4378 1713 126 28 funeral
4529 1717 117 27 service

3569 1762 69 27 may
3658 1754 36 27 be
3713 1754 101 27 better
3835 1745 192 35 solemnized,
4050 1746 60 27 and
4134 1746 69 30 that
4224 1750 54 28 the
4296 1759 134 28 expense
4449 1753 38 28 of
4504 1753 142 30 funerals

3567 1802 69 28 may
3652 1794 35 27 be
3701 1789 139 35 reduced,
3855 1789 31 27 in
3902 1786 50 28 the
3969 1784 198 36 metropolis,
4189 1791 33 27 at
4236 1789 54 30 the
4304 1789 90 36 least,
4408 1795 35 25 to
4457 1792 145 28 one-half
4613 1792 35 28 of

3567 1833 52 28 the
3643 1830 132 38 existing
3797 1828 137 30 amount,
3957 1822 60 28 and
4044 1824 60 28 full
4129 1830 239 33 compensation
4394 1830 36 28 be
4444 1831 90 36 given
4553 1836 30 24 to
4600 1833 44 27 all

3567 1872 65 27 who
3649 1880 69 25 may
3731 1871 77 28 have
3827 1865 170 38 legitimate
4017 1863 112 31 claims
4151 1865 50 30 for
4222 1871 238 35 compensation
4482 1869 50 30 for
4548 1871 96 28 losses

3567 1918 39 22 on
3622 1910 52 27 the
3688 1910 135 33 existing
3836 1902 143 39 practice.

3635 1948 83 30 13th.
3742 1948 80 28 That
3849 1943 52 28 the
3920 1950 117 30 agency
4060 1943 36 27 of
4115 1946 150 35 properly
4285 1946 148 38 qualified
4463 1948 120 28 officers
4611 1950 36 27 of

3567 1989 104 28 health
3688 1992 156 27 necessary
3857 1981 50 28 for
3920 1981 128 38 abating
4063 1983 52 28 the
4134 1984 79 28 evils
4227 1984 36 30 of
4276 1987 52 28 the
4342 1989 139 35 practice
4499 1987 38 30 of
4548 1989 80 27 inter-

3567 2030 101 27 ments
3685 2027 98 28 would
3797 2024 66 28 also
3877 2028 87 20 serve
3978 2022 186 36 powerfully
4176 2027 31 25 to
4225 2030 145 31 promote
4386 2028 52 27 the
4452 2028 192 35 application

3567 2066 36 30 of
3622 2068 88 28 those
3735 2065 135 31 sanitary
3896 2068 157 22 measures
4077 2061 96 28 which
4197 2063 33 28 in
4258 2072 87 20 some
4367 2066 143 28 districts
4534 2066 110 36 would,

3567 2107 88 28 there
3669 2107 25 28 is
3710 2112 106 22 reason
3833 2106 30 24 to
3879 2099 126 30 believe,
4022 2110 69 19 save
4107 2110 87 19 more
4205 2102 77 30 than
4298 2106 83 28 their
4394 2115 68 19 own
4477 2106 167 36 pecuniary

3565 2154 142 28 expense,
3731 2140 113 36 merely
3865 2140 31 27 in
3923 2140 52 28 the
3997 2140 186 30 diminished
4211 2143 148 30 numbers
4381 2143 162 33 combined
4572 2145 71 28 with

3567 2186 129 28 reduced
3718 2189 145 31 expenses
3888 2180 36 27 of
3950 2180 148 33 funerals,
4123 2184 192 35 Consequent
4340 2192 41 19 on
4409 2184 54 28 the
4488 2183 154 38 practical

3565 2225 165 36 operation
3754 2222 36 30 of
3808 2219 252 38 comprehensive
4082 2228 159 22 measures
4266 2222 38 28 of
4326 2225 140 36 sanitary
4488 2224 137 36 improve-

3567 2266 98 27 ment.

3633 2302 82 30 14th.
3737 2301 68 28 The
3827 2299 187 38 advantages
4033 2299 94 27 which
4143 2299 54 27 the
4219 2307 161 22 measures
4394 2301 154 39 proposed
4564 2299 80 30 offer

3564 2345 35 27 to
3622 2343 52 27 the
3698 2342 112 28 classes
3831 2340 65 27 who
3923 2348 66 20 now
4014 2340 90 28 stand
4128 2340 33 27 in
4176 2340 74 28 need
4266 2340 38 30 of
4323 2351 19 19 a
4356 2340 172 30 beneficent
4546 2340 82 28 inter-

3567 2383 137 35 vention,
3729 2389 71 28 may
3825 2380 38 30 be
3890 2381 74 28 thus
3989 2380 235 38 recapitulated.
4277 2381 47 28 To
4353 2383 72 27 take
4444 2381 52 28 the
4515 2384 129 33 poorest

3564 2420 80 30 class
3657 2428 8 22 :
3688 2420 52 30 the
3754 2420 165 38 labouring
3935 2430 71 20 man
4033 2420 101 30 would
4150 2420 49 36 (in
4214 2428 145 22 common
4376 2420 71 30 with
4463 2420 52 27 the
4528 2419 117 28 middle

3564 2461 61 27 and
3638 2461 110 36 higher
3769 2460 126 33 classes)
3912 2461 82 36 gain,
4008 2469 41 19 on
4074 2461 52 28 the
4137 2461 145 28 occasion
4306 2461 36 27 of
4354 2461 47 27 his
4430 2461 124 31 demise,
4570 2468 57 28 pro-

3565 2499 115 30 tection
3696 2499 49 28 for
3759 2499 47 28 his
3822 2499 102 30 widow
3937 2501 60 27 and
4014 2501 162 35 surviving
4189 2501 151 33 children,
4354 2499 69 28 that
4439 2499 25 27 is
4482 2502 33 24 to
4531 2507 52 27 say
4595 2507 8 25 ;

3633 2537 181 25 Protection
3830 2537 82 25 from
3931 2539 50 25 the
3994 2539 137 31 physical
4148 2539 60 24 evil
4224 2539 180 25 occasioned
4417 2537 39 33 by
4471 2537 52 25 the
4539 2545 87 19 neces-

3644 2573 60 33 sity
3728 2573 36 27 of
3786 2573 52 27 the
3860 2573 173 35 prolonged
4060 2575 157 25 retention
4241 2573 38 28 of
4299 2573 49 27 his
4373 2575 137 27 remains
4534 2575 33 27 in
4592 2575 52 27 the

3644 2609 99 36 living
3757 2609 60 27 and
3833 2609 140 35 sleeping
3987 2617 106 19 room:

3836 2647 124 36 against
3984 2647 213 28 extortionate
4224 2647 129 38 charges
4376 2649 52 28 for
4457 2650 184 33 interment,

3641 2688 60 28 and
3724 2687 121 36 against
3869 2685 54 30 the
3945 2687 200 36 impositions
4169 2685 38 30 of
4227 2696 216 25 unnecessary,
4468 2688 173 36 expensive,

3643 2726 60 33 and
3729 2726 156 36 unseemly
3901 2724 140 30 funereal
4065 2729 150 30 customs,
4238 2726 192 28 maintained
4452 2726 123 36 against
4589 2726 54 28 the

3644 2767 106 28 wishes
3764 2765 36 28 of
3811 2765 121 38 private
3946 2765 191 27 individuals
4151 2764 60 28 and
4227 2765 153 27 families:

3636 2806 181 28 Protection
3846 2805 58 28 and
3931 2805 121 28 redress
4076 2806 33 25 to
4134 2803 47 28 his
4205 2803 159 30 survivors
4392 2811 38 19 or
4458 2802 52 28 the
4540 2802 99 38 living

3644 2847 123 36 against
3789 2854 60 28 any
3865 2844 106 28 unfair
3984 2852 38 20 or
4046 2843 107 38 illegal
4176 2843 164 38 practices,
4364 2841 112 30 should
4491 2850 60 27 any
4567 2843 74 28 such

3644 2885 79 28 have
3737 2885 47 28 led
3800 2888 33 25 to
3847 2885 52 28 the
3912 2883 109 30 death:

3638 2924 181 28 Protection
3843 2923 121 36 against
3983 2929 61 28 any
4057 2920 211 28 discoverable
4290 2929 107 19 causes
4420 2920 36 30 of
4469 2921 38 28 ill
4523 2921 118 36 health,

3646 2964 109 28 should
3780 2972 60 27 any
3863 2964 76 27 have
3961 2961 142 28 attached
4120 2959 88 30 itself
4227 2962 33 27 to
4285 2961 49 30 his
4357 2962 98 28 abode
4477 2970 38 20 or
4537 2965 35 25 to
4594 2962 47 28 his

3646 3003 88 35 place
3748 3003 35 28 of
3795 3003 83 27 work
3888 3009 8 20 :

3638 3041 181 31 Protection
3844 3041 82 28 from
3940 3041 52 28 the
4016 3039 124 38 painful
4164 3039 69 30 idea
4257 3039 50 39 (by
4323 3044 236 36 arrangements
4573 3050 52 28 pre-

3646 3083 120 27 ventive
3778 3080 36 30 of
3825 3080 52 30 the
3891 3080 191 38 possibility)
4098 3080 36 27 of
4145 3088 19 20 a
4178 3085 181 33 premature
4372 3083 191 28 interment:

3636 3120 181 30 Protection
3833 3120 35 28 of
3879 3121 52 27 the
3945 3121 137 27 remains
4098 3120 82 28 from
4194 3121 214 36 profanation,
4424 3121 101 28 either
4539 3120 104 28 before

3643 3169 38 19 or
3693 3159 82 30 after
3789 3161 189 28 interment:

3636 3198 183 30 Protection
3844 3200 74 28 such
3940 3209 35 19 as
4000 3208 71 28 may
4083 3198 36 30 be
4143 3198 142 30 afforded
4306 3200 39 36 by
4359 3200 54 30 the
4433 3198 206 30 information

3644 3239 60 27 and
3728 3239 106 28 advice
3855 3239 35 27 of
3912 3249 19 19 a
3953 3239 198 38 responsible
4172 3239 117 36 officer,
4312 3239 36 28 of
4372 3239 189 38 knowledge,
4581 3238 60 28 and

3644 3279 128 35 station,
3800 3280 33 27 in
3860 3280 55 28 the
3942 3280 124 28 various
4101 3280 184 28 unforeseen
4312 3280 231 35 contingencies
4573 3277 68 28 that

3641 3324 94 22 occur
3759 3324 33 24 to
3806 3318 131 38 perplex
3961 3320 61 28 and
4038 3320 129 28 mislead
4181 3320 50 28 the
4254 3323 159 35 prostrate
4427 3318 61 30 and
4501 3317 140 30 desolate

3644 3357 161 28 survivors
3817 3367 43 20 on
3876 3359 74 28 such
3961 3359 170 28 occasions.

3633 3395 109 28 Added
3767 3400 33 25 to
3824 3398 87 27 these
3932 3398 63 28 will
4019 3398 38 28 be
4083 3398 52 28 the
4157 3398 94 28 relief
4274 3398 82 28 from
4370 3398 55 27 the
4449 3397 146 36 prospect
4608 3392 36 30 of

3565 3433 172 30 interment
3751 3436 31 28 in
3798 3444 19 20 a
3841 3444 143 22 common
4000 3438 183 36 grave-yard
4200 3446 38 20 or
4258 3436 137 36 charnel,
4411 3436 38 36 by
4463 3436 52 27 the
4531 3433 96 28 substi-

3565 3474 102 28 tution
3682 3474 38 28 of
3731 3483 17 20 a
3762 3474 106 39 public
3883 3477 142 27 national
4049 3480 165 31 cemetery,
4228 3485 39 19 on
4287 3477 94 27 which
4405 3476 50 28 the
4469 3474 87 28 mind
4570 3482 71 25 may

3564 3512 85 28 dwell
3666 3515 72 28 with
3753 3515 228 36 complacency,
3994 3524 35 19 as
4044 3524 19 19 a
4076 3515 88 36 place
4178 3517 33 27 in
4236 3515 94 28 which
4348 3515 161 36 sepulture
4523 3521 69 27 may
4606 3512 36 28 be

3564 3551 88 27 made
3666 3561 41 19 an
3721 3554 124 27 honour
3860 3554 60 27 aud
3935 3562 19 19 a
3969 3554 161 36 privilege.

3636 3591 66 30 The
3726 3592 186 36 advantages
3934 3592 157 28 derivable
4106 3597 33 24 to
4154 3592 54 30 the
4230 3592 104 38 public
4350 3595 33 27 at
4406 3592 87 38 large
4506 3592 77 30 have
4597 3589 30 30 al-

3564 3630 91 36 ready
3669 3630 79 28 been
3773 3625 150 43 specified,
3939 3631 31 27 in
3997 3633 52 27 the
4065 3633 139 27 removal
4219 3633 35 25 of
4274 3641 109 19 causes
4397 3631 36 28 of
4454 3631 72 36 pain
4543 3633 31 25 to
4591 3630 52 27 the

3564 3668 131 38 feelings
3721 3669 36 28 of
3783 3671 52 27 the
3863 3669 99 36 living
3989 3671 169 28 connected
4186 3671 72 28 with
4287 3671 54 28 the
4367 3679 145 20 common
4537 3668 104 28 burial

3564 3707 121 36 places;
3707 3710 72 35 they
3792 3709 101 28 would
3907 3709 68 28 also
3989 3710 74 35 gaiu
4079 3710 33 27 in
4128 3710 52 27 the
4194 3709 118 28 several
4331 3717 157 20 measures
4502 3707 50 28 for
4570 3715 55 28 pro-

3564 3748 117 28 tection
3709 3748 124 36 against
3857 3748 52 28 the
3931 3756 109 20 causes
4063 3748 38 28 of
4115 3748 120 28 disease
4249 3746 142 38 specified
4406 3756 35 20 as
4466 3746 107 28 within
4587 3746 54 27 the

3562 3787 148 35 province
3732 3787 38 28 of
3787 3795 39 20 an
3852 3787 107 28 officer
3981 3787 36 28 of
4038 3787 52 27 the
4115 3787 107 36 public
4241 3787 107 27 health
4362 3789 33 25 to
4411 3784 142 39 remove;
4580 3784 60 28 and

3562 3825 71 36 they
3657 3827 102 28 would
3781 3828 66 27 also
3871 3828 72 35 gain
3969 3827 33 28 in
4027 3827 54 28 the
4094 3830 85 33 steps
4205 3827 132 28 towards
4351 3825 54 28 the
4419 3825 140 27 creation
4575 3824 36 28 of
4624 3833 19 19 a

3562 3865 118 28 science
3694 3866 36 27 of
3742 3866 52 28 the
3817 3866 184 36 prevention
4017 3866 36 28 of
4074 3866 124 35 disease,
4214 3866 60 27 and
4291 3866 31 27 in
4345 3874 19 19 a
4378 3865 101 28 better
4493 3863 132 38 registra-

3562 3902 68 27 tion
3649 3904 36 27 of
3698 3906 54 28 the
3764 3906 65 28 fact
3843 3906 60 28 and
3918 3906 52 28 the
3984 3913 106 20 causes
4106 3904 36 30 of
4151 3904 102 30 death.

3633 3942 49 28 To
3707 3953 55 20 use
3787 3946 54 27 the
3855 3946 99 27 words
3969 3945 36 28 of
4025 3954 19 19 a
4066 3948 90 33 great
4181 3945 161 28 Christian
4359 3945 112 31 writer,
4474 3942 109 28 —that
4595 3940 44 30 all

3562 3980 71 36 this,
3649 3981 96 30 which
3754 3984 187 28 constitutes
3951 3984 52 28 the
4019 3984 61 30 last
4096 3984 87 28 office
4192 3984 36 28 of
4238 3984 55 28 the
4304 3984 131 36 living,'
4449 3987 33 22 to
4496 3987 145 30 compose

3561 4020 54 28 the
3625 4020 82 38 body
3723 4025 31 27 to
3770 4024 124 36 burial,'
3909 4024 113 28 should
4036 4024 36 28 be
4087 4025 90 33 done,
4192 4024 60 28 and
4265 4025 66 27 that
4345 4024 25 27 it
4387 4020 110 30 should
4512 4020 36 28 be
4562 4020 79 27 done

3562 4058 65 28 well
3654 4061 61 27 aud
3742 4063 151 36 'gravely,
3917 4063 153 36 decently,
4094 4063 60 28 and
4178 4063 184 33 charitably,
4378 4069 41 19 we
4436 4061 74 27 have
4524 4060 52 27 the
4591 4066 35 19 ex-

3559 4094 104 41 ample
3677 4101 38 28 of
3728 4102 44 27 all
3786 4102 139 28 civilised
3942 4102 126 27 nations
4083 4104 33 25 to
4142 4110 113 27 engage
4271 4110 46 25 us,
4334 4102 60 27 and
4408 4099 36 30 of
4455 4099 44 27 all
4523 4106 69 28 ages
4608 4096 36 28 of

3561 4137 52 28 the
3628 4139 96 28 world
3740 4145 33 24 to
3789 4143 151 25 warrant:
3943 4148 68 19 —so
4027 4140 71 27 that
4110 4140 25 27 it
4153 4140 25 27 is
4203 4140 123 36 against
4339 4146 143 20 common
4499 4137 140 33 honesty,

3559 4176 66 27 and
3639 4178 107 35 public
3762 4178 82 30 fame
3857 4178 61 30 and
3935 4178 183 36 reputation
4132 4181 57 25 not
4203 4181 33 25 to
4252 4178 39 28 do
4309 4178 61 28 this
4386 4176 107 30 office.'

3841 4279 197 54 Shipping
4063 4279 321 54 Intelligence.

3706 4383 254 31 DUNDEE
3997 4381 317 30 SHIPPING
4351 4381 146 30 LIST.

3699 4433 143 36 January
3858 4438 49 25 23.
3910 4430 156 36 —Winds,
4082 4439 82 20 a.m..
4365 4430 135 30 IF.MIT.

3600 4469 351 41 Sailed—Euphemia,
3978 4469 137 33 Ireland,
4142 4469 181 35 Newcastle,
4345 4474 162 31 potatoes;
4531 4469 90 28 Chris-

3557 4510 66 27 tian
3654 4512 60 27 and
3740 4512 170 36 Margaret,
3935 4510 124 33 Young,
4088 4507 109 30 Forth,
4224 4509 115 27 ballast
4353 4517 9 25 ;
4392 4507 104 36 Mary,
4526 4507 112 35 Paton,

3559 4548 180 39 Liverpool,
3753 4551 115 36 goods;
3890 4550 118 35 James,
4020 4548 110 33 Bruce,
4146 4546 106 35 Alloa,
4268 4546 137 33 ballast;
4427 4546 83 35 May,
4526 4546 110 35 Smith,

3559 4587 154 30 Dunkirk,
3728 4591 96 35 goods
3836 4584 6 41 ;
3866 4589 153 36 Neptune,
4044 4586 134 31 Barless,
4194 4584 99 33 Leith,
4312 4584 96 36 goods
4419 4592 8 25 ;
4449 4584 187 33 Alexander,

3559 4627 113 36 Smith,
3699 4628 180 35 Newcastle,
3902 4627 132 33 ballast;
4057 4624 72 28 New
4145 4622 145 36 Harriet,
4307 4622 124 36 Finlay,
4457 4622 180 39 Bridgness,

3557 4666 128 28 ballast.

3650 4706 143 36 January
3811 4702 200 35 2^.—Winds,
4027 4710 85 27 a.m.,
4131 4699 261 38 1F..V.1F.—p.m.,
4406 4699 135 30 W.N.W.

3597 4743 309 36 Arrived—Clyde,
3931 4742 151 35 Wishart,
4106 4740 153 38 Glasgow,
4282 4740 98 38 goods
4394 4748 8 27 ;
4433 4740 87 33 Loch
4545 4740 90 38 Ryan

3557 4781 219 38 (steam-ship),
3809 4783 146 35 Dickson,
3992 4780 181 33 Newcastle,
4208 4781 96 36 goods
4337 4781 60 28 .and
4431 4789 205 31 passengers;

3559 4822 126 36 Rachel,
3709 4822 154 33 Fletcher,
3888 4820 101 35 Leith,
4014 4820 115 38 goods;
4151 4820 156 36 Camolla,
4331 4820 175 39 Urquliart,
4528 4822 93 30 Clack-

3561 4869 148 27 mannan,
3723 4861 102 35 coals;
3849 4861 148 36 Thomas,
4013 4861 137 36 Ferrier,
4164 4861 107 35 Alloa,
4285 4861 96 30 coals.

3602 4901 255 35 Sailed—Rose,
3883 4902 110 35 Milne,
4019 4902 154 36 Glasgow,
4197 4902 113 38 goods;
4339 4902 161 36 Guthries,
4523 4902 117 38 Nicoll,

3561 4942 170 36 Aberdeen,
3745 4942 115 39 goods;
3882 4942 140 36 Farmer,
4038 4942 142 36 Duncan,
4197 4943 178 39 Bridgness,
4386 4945 134 31 ballast:
4545 4945 96 31 Perth

3776 5003 8 14 j
3800 4992 110 27 KJpHIK,
3926 4998 143 20 .uOUUVII,
4194 4997 61 17 ttiiu
4438 5003 24 11 a.

3696 5020 145 33 January
3855 5025 46 25 '25.
3907 5022 151 33 —Winds,
4074 5030 82 25 a.m.,
4178 5022 38 28 W.
4222 5033 129 25 —p.m.,
4373 5025 71 28 IF.A
4446 5020 6 38 r
4452 5020 5 38 .
4466 5025 41 27 W.

3598 5058 315 35 Arrived—Queen,
3926 5058 101 33 Buist,
4038 5058 93 35 Hull,
4145 5061 98 33 goods
4255 5058 6 41 ;
4285 5061 88 38 Dart,
4386 5063 143 28 Gowans.
4540 5061 101 38 Leith,

3562 5096 112 41 goods;
3699 5094 107 35 Foam,
3822 5096 134 33 Mather,
3970 5096 205 35 Hartlepool,
4189 5099 87 28 coals
4288 5094 6 43 ;
4317 5102 131 33 Archer,
4463 5101 176 35 M'Kcnzie,

3564 5132 175 35 Newcastle,
3753 5134 115 33 goods;
3890 5134 109 33 Lvdia,
4014 5134 159 36 Simpson,
4189 5135 205 41 Hartlepool,
4408 5139 104 31 coals;
4531 5137 107 36 Diana,

3564 5173 124 38 Turpie,
3717 5172 60 27 and
3808 5170 165 36 Triumph,
4005 5170 150 38 Dickson,
4184 5173 181 41 Newcastle,
4394 5176 82 30 coals
4491 5184 8 25 ;
4534 5175 106 36 Nelly,

3564 5211 165 33 Grecnlay,
3754 5209 106 31 Alloa,
3876 5209 115 35 goods;
4013 5208 173 39 Margaret,
4211 5214 145 38 Kilgour,
4372 5217 60 27 and
4449 5214 91 33 Rose,
4554 5213 63 27 Hut-

3564 5255 120 30 cheson,
3699 5247 202 35 Hartlepool,
3915 5246 107 35 coals;
4043 5246 211 44 Wellington,
4269 5255 172 33 Anderson,
4458 5250 178 33 Newcastle,

3562 5291 101 33 coals;
3685 5285 83 35 Lady
3792 5285 112 33 Grant,
3929 5283 142 36 Lawson,
4093 5285 247 44 Clackmannan,
4353 5293 102 31 coals;
4477 5290 161 35 Margaret

3564 5332 58 30 and
3636 5332 83 27 Ann,
3745 5323 82 36 Tait,
3849 5321 191 35 Perthshire,
4063 5323 128 41 Young,
4214 5329 106 39 Wave,
4337 5328 198 35 Crammond,
4551 5326 65 28 Mar-

3564 5373 96 36 garet,
3682 5364 135 31 Mearns,
3841 5359 180 36 Catherine,
4046 5362 165 39 Drysdale,
4235 5356 90 50 Jane',
4343 5369 110 38 Pryde,
4468 5367 169 31 Panmure,

3567 5411 137 28 Watson,
3729 5400 173 33 Elizabeth,
3928 5398 156 38 Mitchell,
4110 5402 120 33 British
4258 5409 94 38 King,
4375 5409 176 31 Anderson,
4576 5403 60 30 and

3567 5449 135 31 Reform,
3726 5441 143 31 Moncur,
3899 5436 180 36 Newcastle,
4107 5444 87 28 coals
4208 5454 8 24 ;
4249 5447 126 36 Serene,
4402 5449 146 28 Jackson,
4578 5444 60 30 and

3564 5487 151 31 William,
3731 5480 83 33 Peat,
3831 5476 205 35 Sunderland,
4057 5479 107 35 coals;
4183 5482 93 38 Jane,
4291 5487 109 38 Elder,
4416 5488 222 33 Clarlestown,

3565 5526 101 33 coals;
3688 5520 106 33 Esker,
3811 5515 169 33 Crawford,
3994 5513 208 41 Hartlepool,
4216 5524 94 28 coals.

3605 5556 247 38 Sailed—Star,
3868 5553 169 35 Turnbull,
4058 5551 104 36 Leith,
4176 5559 109 33 goods.

3660 5600 142 33 January
3816 5597 87 27 26.—
3910 5592 106 33 Winds,
4033 5600 77 27 a.m.,
4131 5592 87 30 IV.N.
4227 5597 159 39 W.—p.m.,
4405 5602 88 30 W.N.
4501 5603 39 28 W.

3603 5644 156 28 Aruived
3762 5633 151 28 —Prince
3926 5630 36 30 of
3973 5630 115 35 Wales,
4110 5630 123 38 Eraser,
4249 5635 181 39 Newcastle,
4444 5643 85 27 coals
4542 5650 8 24 ;
4575 5641 50 30 Isa-

3565 5683 90 31 bella,
3666 5676 115 33 White,
3797 5672 140 31 London,
3953 5669 96 38 goods
4061 5669 6 46 ;
4091 5669 123 36 Shelali,
4238 5672 156 38 Mitchell,
4409 5677 93 35 Hull,
4523 5680 118 35 goods;

3565 5721 80 31 John
3660 5715 60 30 and
3734 5713 88 33 Jean,
3835 5710 157 33 Crockatt,
4003 5707 246 33 Clackmannan,
4257 5713 87 27 coals
4356 5721 8 25 ;
4386 5713 129 38 Origen,
4531 5718 88 28 Cram-

3567 5757 101 35 niond,
3690 5751 170 31 Aberdeen,
3883 5748 94 36 goods
3994 5756 8 25 ;
4030 5746 104 30 Helen
4157 5748 61 28 and
4241 5748 88 38 Jean,
4354 5751 153 38 Gourlay,
4534 5756 90 30 Inver-

3564 5797 146 33 keithing,
3734 5791 102 33 coals;
3858 5787 161 36 Stephens,
4044 5786 94 35 Moir,
4165 5787 162 36 Stockton,
4353 5791 104 35 flour;
4479 5792 159 43 Neptune,

3567 5835 132 36 Bartels,
3713 5830 101 33 Leith,
3828 5827 94 39 goods
3937 5822 6 49 ;
3964 5825 30 27 A\
4006 5825 110 36 allace,
4134 5825 107 38 Clark,
4257 5828 249 41 Clackmannan,
4518 5836 96 30 coals.
4633 5822 5 49 '

3605 5877 123 27 Sailed
3739 5883 36 5 —
3786 5868 85 28 Loch
3907 5865 87 35 Ryan
4025 5866 220 38 (steam-ship),
4282 5868 148 39 Dickson,
4460 5872 181 41 Newcastle,

3564 5913 93 41 goods
3668 5907 60 31 and
3737 5901 198 54 passengers;
3951 5902 126 38 Rachel,
4088 5904 157 38 Ilutchen,
4260 5906 102 41 Leith,
4373 5910 115 36 goods;
4502 5901 139 46 Libertv'

3567 5954 157 30 Falconer,
3740 5943 180 30 Newcastle,
3934 5942 134 35 ballast;
4088 5943 142 36 Friends,
4247 5946 126 39 Young,
4389 5951 109 36 Alloa,
4512 5956 102 33 grain.
4635 5940 8 14 '

3641 5989 142 31 January
3797 5981 203 36 27.—Winds,
4016 5991 83 27 a.m.,
4120 5984 39 28 W.
4176 5984 38 38 by
4230 5986 164 39 N.—p.m.,
4414 5991 43 30 W.
4474 5992 38 36 by
4524 5995 38 27 X.

3603 6031 197 30 Arrived—
3803 6024 102 33 Betsy,
3929 6020 128 38 Norrie,
4079 6022 250 43 Clackmannan,
4351 6030 107 36 coals;
4480 6031 164 41 Margaret

3564 6071 58 33 and
3638 6063 170 33 Elizabeth,
3822 6061 85 31 Deas,
3920 6060 115 36 Leven,
4046 6063 117 36 goods;
4183 6065 134 39 Mersey,
4329 6068 143 36 M'Lean,
4488 6072 146 30 Glasgow

3564 6109 112 43 goods:
3696 6102 143 33 London,
3855 6098 145 39 Rattray,
4022 6101 145 38 London,
4181 6107 98 35 goods
4293 6098 6 54 ;
4323 6107 110 39 David,
4447 6112 93 36 Gibb,
4556 6113 66 30 New-

3565 6148 102 33 castle,
3680 6142 94 30 coals.

3603 6178 277 38 Sailed—Queen,
3901 6176 101 33 Buist,
4019 6176 93 38 llull,
4134 6181 115 35 goods;
4271 6183 91 38 Mary
4378 6187 60 27 and
4457 6187 91 36 Rose,
4567 6189 58 30 Tar-

3567 6231 57 30 vet,
3650 6219 169 35 Abbeville,
3846 6216 118 39 goods;
3995 6214 98 36 Juno,
4121 6219 176 39 Campbell,
4326 6225 173 36 Aberdeen,
4526 6230 118 33 goods-

3569 6268 150 35 Neptune,
3735 6258 131 33 Bartels,
3883 6255 99 33 Leith,
3997 6255 107 36 goods.

3649 6302 140 33 January
3803 6302 87 24 28.—
3899 6293 106 35 Winds,
4016 6301 85 25 a.m.,
4121 6293 87 28 W.N.
4220 6296 165 36 W.—p.m.,
4403 6299 90 30 W.N.
4504 6302 38 28 W.

3603 6346 156 27 Arrived
3761 6335 165 31 —Herald,
3953 6332 146 35 Cousens,
4126 6332 180 35 Newcastle,
4329 6337 98 33 goods
4441 6346 8 24 ;
4480 6339 161 30 Laverock

3567 6387 94 30 Scott,
3677 6381 96 33 Scott,
3786 6373 161 36 Kirkaldy,
3959 6370 113 39 goods;
4096 6370 77 36 Roe,
4187 6370 124 38 Young,
4323 6373 102 36 Leith,
4436 6378 115 33 goods;
4569 6380 72 35 Aid,

3567 6425 112 31 White,
3696 6416 178 39 Liverpool,
3888 6411 104 41 goods.

3603 6455 304 38 Suled—London,
3932 6452 142 31 Rattray,
4098 6447 60 28 and
4186 6447 143 36 Isabella,
4354 6449 115 38 White,
4496 6452 142 36 London,

3565 6502 110 33 iroods-
3702 6498 109 35 Forth,
3836 6493 74 33 Orr,
3934 6490 151 36 Glasgow,
4110 6487 115 36 goods;
4249 6487 91 35 Dart,
4364 6488 145 36 Gowans,
4534 6490 104 35 Leith,

3565 6526 109 49 [roods;
3698 6537 106 36 Clyde,
3814 6532 148 33 Wishart,
3975 6526 222 33 Charlestown,
4208 6526 134 49 ballast;
4369 6526 167 38 Triumph,
4548 6529 72 27 Dick-

3565 6592 52 19 son
3647 6576 175 35 Newcastle,
3836 6572 94 39 goods
3943 6578 8 27 ;
3973 6567 205 36 Wellington,
4200 6565 175 33 Anderson,
4392 6565 246 36 Clackmannan,

3564 6622 121 30 ballast.
3710 6655 123 30 Januar
3835 6661 17 30 y
3961 6644 195 38 winds,a.m.,
4173 6643 255 36 W.S.W.—p.m.,
4449 6643 41 30 IF.

3603 6690 326 39 Arrived—Rachel,
3956 6685 154 33 Fletcher,
4132 6683 101 35 Leith,
4247 6683 115 36 goods;
4386 6682 139 33 Farmer,
4551 6682 66 28 Dun-

3567 6751 54 19 can
3649 6737 176 35 Bridgness,
3838 6729 101 33 coals;
3964 6724 175 36 Sovereign,
4156 6721 123 36 Young,
4294 6721 142 36 London,
4452 6721 106 36 goods.

3605 6773 277 35 Sailed—Diana,
3899 6765 128 39 Turpie,
4043 6762 180 35 Newcastle,
4239 6761 123 28 ballast.

3567 6857 102 31 Helen
3685 6854 126 35 Munro,
3827 6850 142 33 Watson,
3983 6844 83 30 from
4082 6841 142 35 London,
4238 6841 31 28 at
4287 6839 142 36 Smyrna,
4449 6847 41 19 on
4507 6838 52 28 the
4580 6836 58 30 22d

3565 6935 142 30 William
3731 6932 110 36 Carey,
3863 6929 96 31 Dove,
3984 6924 82 28 from
4091 6920 102 36 Cadiz,
4209 6921 31 27 at
4266 6918 123 30 Buenos
4405 6918 110 36 Ayres,
4529 6924 43 20 on
4587 6915 52 28 the

3605 6973 72 31 29th
3693 6972 145 30 October.
4080 7000 27 9 „
4170 7000 8 9 ~
4425 6994 63 16 OAtl
4534 6995 38 8 ...
4611 7003 16 6 _

3565 7014 153 33 William,
3732 7011 94 33 Dove,
3838 7011 93 28 hence
3942 7008 33 27 at
3986 7003 79 30 Port
4082 6998 200 41 Republican,
4304 7006 41 20 on
4359 6995 52 30 the
4425 6995 74 30 20th
4512 6995 126 30 ultimo.

3567 7055 99 33 Rubv,
3759 7036 6 52 ,
3783 7050 82 28 from
3882 7043 194 41 Strangford,
4090 7046 33 25 at
4139 7039 143 35 London,
4296 7047 41 19 on
4353 7038 49 27 the
4414 7036 60 27 -3d
4490 7039 131 24 instant.

3622 8578 191 33 American
3835 8580 159 31 Maxims.
3998 8578 79 30 —If
4090 8586 79 25 your
4186 8578 71 25 coat
4274 8572 27 28 is
4320 8565 118 31 corofor
4460 8573 14 17 a
4614 8565 5 46 1

3575 8624 22 27 it
3616 8630 66 22 two
3710 8633 35 20 or
3765 8627 91 27 three
3874 8625 131 28 months
4036 8622 112 36 longer
4164 8630 9 24 ;
4200 8625 39 19 no
4260 8619 117 25 matter
4402 8611 20 24 it
4444 8608 52 27 the
4515 8613 16 28 £
4551 8611 49 19 oss

3573 8665 54 31 off.
3674 8666 36 30 If
3734 8677 65 27 you
3831 8669 80 28 have
3942 8676 41 19 no
4014 8665 87 33 wife,
4131 8668 54 33 get
4211 8668 61 19 one
4291 8668 9 25 ;
4326 8654 27 28 if
4367 8660 63 30 you
4469 8655 85 25 lave,
4605 8652 38 20 00

3575 8707 90 31 bless
3693 8712 71 33 her,
3794 8720 71 30 stay
3896 8717 30 24 at
3956 8710 94 27 home
4082 8706 77 28 with
4191 8704 68 30 her,
4290 8694 124 33 instead
4435 8702 16 19 o
4483 8699 79 30 spen
4592 8696 54 28 ing

3573 8761 82 27 your
3683 8754 165 39 evenings
3877 8756 33 28 in
3940 8751 181 38 expensive
4146 8748 54 30 flat
4230 8742 161 33 fooleries.
4438 8737 47 28 Be
4524 8739 120 24 jonest,

3578 8794 120 39 frugal,
3726 8800 88 38 plain
3833 8811 8 25 ;
3866 8798 76 30 seek
3973 8800 135 27 content
4137 8794 61 28 and
4219 8789 175 39 happiness
4414 8789 30 22 at
4463 8781 94 28 home
4573 8798 8 11 ,
4631 8783 16 19 e

3576 8839 208 33 industrious
3802 8844 61 28 and
3883 8841 235 41 persevering;
4145 8835 60 31 and
4224 8844 58 20 our
4299 8830 85 30 word
4405 8827 44 30 for
4476 8833 35 22 it.
4528 8833 8 17 i

3578 8882 258 35 circumstances
3855 8898 50 17 are
3932 8896 71 19 now
4031 8879 236 33 embarrassed,
4299 8876 76 33 tbey
4405 8871 65 27 will
4499 8874 77 22 soon
4619 8871 16 19 e

3578 8934 91 20 come
3688 8937 90 30 easy,
3794 8940 43 19 no
3855 8935 120 25 matter
3992 8928 74 30 wbo
4082 8934 69 22 may
4172 8926 36 27 be
4230 8920 183 31 President,
4428 8923 36 20 or
4479 8921 22 19 w
4534 8915 30 22 at
4576 8915 71 30 may

3580 8970 38 27 be
3636 8969 57 30 tbe
3710 8980 90 28 price
3819 8975 38 30 of
3871 8975 123 30 stocks.

3624 9013 175 33 Increase
3816 9027 41 20 of
3874 9014 296 33 London.—From
4189 9020 38 20 an
4243 9005 113 33 official
4375 9008 109 25 return
4496 9005 52 30 jus
4581 9003 19 30 p

3581 9058 113 27 sented
3715 9065 33 22 to
3767 9061 54 27 tbe
3841 9061 238 33 Government,
4096 9061 24 27 it
4140 9063 134 35 appears
4293 9052 80 30 that,
4389 9046 90 30 since
4499 9049 54 20 tie
4575 9046 76 30 year

3584 9098 94 33 1829,
3699 9110 41 19 no
3757 9101 68 31 less
3841 9106 77 28 tban
3945 9106 124 31 45.000
4090 9115 66 19 new
4186 9102 128 28 houses,
4331 9090 142 36 forming
4513 9106 8 8 «
4581 9090 68 20 new

3581 9145 121 25 streets
3726 9145 63 27 and
3819 9156 148 27 squares,
3997 9148 82 28 have
4110 9150 79 27 been
4216 9137 143 35 erected,
4389 9143 33 20 or
4450 9139 52 22 are
4532 9137 35 20 in
4600 9131 52 24 tbe

3581 9191 115 22 course
3710 9186 35 27 of
3761 9189 159 31 erection,
3939 9189 33 27 in
3992 9189 137 30 London
4146 9189 61 30 and
4227 9189 41 28 its
4285 9178 148 35 suburbs.

3627 9227 27 27 A
3666 9227 117 38 quaint
3795 9230 109 27 writer
3917 9239 77 30 says
4009 9216 106 54 :—»«I
4131 9236 80 28 have
4225 9238 76 24 seen
4315 9230 123 25 women
4452 9227 36 22 so
4502 9216 154 33 delicate,

3584 9269 69 31 that
3672 9271 77 35 they
3769 9280 50 19 are
3838 9272 99 30 afraid
3959 9282 33 22 lo
4009 9276 83 38 ride,
4117 9279 47 28 for
4183 9279 66 28 fear
4266 9272 33 31 of
4312 9271 52 30 the
4381 9269 112 28 horses
4512 9258 143 38 running

3584 9323 90 27 away
3690 9326 9 24 ;
3723 9313 101 31 afraid
3846 9323 31 22 to
3894 9318 76 35 sail,
3984 9321 49 28 for
4052 9323 66 28 fear
4131 9323 69 28 that
4219 9320 52 30 tbe
4285 9318 72 27 boat
4373 9312 107 38 might
4499 9307 154 30 overset;

3584 9359 102 30 afraid
3707 9365 31 24 to
3767 9361 94 36 walk,
3880 9361 49 30 for
3956 9362 68 31 fear
4044 9367 55 28 tbe
4129 9367 71 28 dew
4217 9361 106 44 might
4342 9354 52 35 fall
4411 9365 9 28 ;
4446 9353 57 30 but
4521 9348 16 31 I
4556 9356 102 24 never

3584 9414 66 22 saw
3669 9414 60 22 one
3748 9403 99 33 afraid
3868 9411 31 27 to
3918 9406 39 31 be

2491 140 405 76 DUNDEE
2948 140 460 77 COURIER,
3463 137 477 80 TUESDAY,
3992 137 326 69 January
4370 135 115 74 30,
4545 135 194 65 1844.

6083 339 87 36 TO
6211 339 457 38 GARDENERS.

6118 425 27 20 „

6124 438 11 22 1
6148 443 17 17 o
6186 433 69 35 Let,
6271 438 91 33 entry
6378 438 33 25 at
6427 433 203 35 Candlemas,

5839 477 236 82 NEARLY
6102 494 41 19 an
6178 485 115 30 ACRE
6318 487 35 28 of
6376 487 189 31 GARDEN
6598 482 202 39 GROUND,
6827 482 85 43 lyttig

5965 526 132 30 betwixt
6129 529 55 28 the
6211 529 173 30 Blackness
6408 531 63 28 and
6496 531 161 30 PJeuchar
6679 531 98 39 Craig
6802 529 113 30 Roads,

5833 570 107 30 About
5964 569 71 30 half
6055 570 55 30 the
6137 570 135 31 Ground
6304 573 25 28 is
6348 572 131 31 stocked
6507 575 77 28 with
6616 575 94 30 Fruit
6734 575 101 30 Trees
6849 573 65 30 and

5831 614 131 35 Bushes,
5978 614 63 28 and
6057 614 146 30 enclosed
6219 616 41 36 by
6277 616 98 28 Stone
6394 616 110 30 Walls.

5876 657 30 31 A
5921 657 90 30 small
6030 657 244 31 DWELLING
6299 658 151 31 HOUSE
6469 660 94 30 could
6589 660 38 31 be
6646 657 61 35 Let
6729 660 96 44 along
6841 658 79 33 ■with

5830 701 57 31 the
5901 701 112 33 above.

6145 745 106 39 Apply
6265 750 33 25 at
6313 743 61 33 No.
6391 745 22 30 2
6430 745 170 41 Wellgate.

5920 786 150 41 Dundee,
6085 786 82 35 29th
6183 791 154 39 January,
6354 789 98 33 1844.

6071 890 58 36 IN
6156 888 109 38 THE
6291 888 254 38 COUNTRY
6573 888 71 36 TO
6671 888 66 36 BE
6767 888 120 38 LET.

6214 973 68 43 to
6318 981 66 30 BE
6420 972 120 44 LEf,

5838 1033 121 79 THE
5981 1033 126 33 FARM
6142 1033 151 33 HOUSE
6328 1044 41 20 on
6400 1028 342 39 GOTTERSTONE,
6773 1030 69 31 half
6874 1035 41 27 alt

5937 1082 109 28 hour's
6061 1080 82 30 walk
6159 1082 80 28 from
6257 1080 146 36 Dundee,
6419 1088 38 20 on
6479 1079 52 30 the
6548 1079 66 30 side
6630 1079 33 30 of
6679 1077 55 30 the
6753 1077 159 31 Arhroath

5838 1124 99 30 Road.

5882 1169 31 30 It
5943 1170 145 30 contains
6118 1172 74 27 neat
6224 1169 269 30 accommodation
6534 1167 47 30 for
6613 1178 17 19 a
6661 1167 91 30 small
6792 1162 128 44 genteel

5836 1213 117 36 family.
6000 1214 85 27 Rent
6101 1213 169 28 moderate.

5879 1255 106 36 Apply
6003 1257 31 25 to
6052 1255 52 27 Mr
6120 1255 117 30 Smith,
6255 1252 87 30 Hare
6359 1250 109 41 Craig.

5921 1296 142 36 January
6079 1296 57 33 29,
6156 1296 96 28 1844.

6222 1392 197 41 GUANO,
6446 1392 72 36 &c.

5839 1507 145 80 THE
6000 1507 203 35 Subscribers
6216 1509 63 36 beg
6294 1512 31 25 to
6353 1507 143 30 intimate
6523 1507 33 27 to
6583 1502 83 33 their
6685 1504 134 31 Friends
6843 1507 66 30 and

5967 1553 55 30 the
6038 1551 124 41 Public,
6189 1553 68 30 that
6285 1553 74 36 they
6373 1551 63 30 will
6466 1550 77 28 have
6570 1550 49 28 for
6636 1550 63 28 sale
6723 1548 118 39 during
6858 1551 55 30 the

5833 1605 121 30 season,
5984 1608 20 20 a
6030 1600 113 38 supply
6170 1598 33 28 of
6227 1594 156 33 GUANO
6409 1594 145 39 inported
6583 1594 77 28 here
6690 1592 128 36 direct;
6855 1595 57 30 the

5835 1643 123 39 quality
5973 1644 35 28 of
6024 1644 102 28 which
6142 1643 74 36 they
6231 1650 54 20 are
6301 1639 126 28 assured
6444 1641 118 27 cannot
6576 1638 38 28 be
6630 1635 181 39 surpassed.

5998 1687 98 31 Bone
6113 1688 106 33 Dust,
6236 1685 151 35 Clover,
6403 1688 71 24 and
6493 1682 134 27 Turnip
6644 1679 101 30 Seed.

6469 1724 35 30 P.
6523 1723 208 31 DalgairnS
6745 1723 33 30 &
6797 1724 69 36 Co.,

5929 1775 145 36 Dundee,
6090 1773 140 38 January
6249 1770 52 36 18,
6326 1767 98 33 1844.

5883 1855 161 36 WOOD
6068 1852 69 36 AT
6162 1850 266 43 BALMURE,
6455 1849 145 36 NEAR
6630 1849 233 41 DUNDEE.

6205 1907 69 30 FO
6291 1907 31 30 R
6362 1907 24 33 S
6406 1907 72 30 AL
6496 1907 41 31 E.

5863 1997 104 30 There
5983 1994 63 31 will
6063 1994 36 31 be
6117 1992 68 33 sold
6200 1992 41 41 by
6257 1994 107 39 public
6381 2003 93 30 roup,
6488 2003 41 22 on
6548 1992 167 46 Thursday
6734 1997 55 33 the
6808 1992 80 38 15th

6178 2039 60 39 day
6254 2039 35 28 of
6304 2039 162 38 February
6482 2044 91 33 next,

5858 2099 16 27 4
5915 2090 236 43 QUANTITY
6170 2096 33 30 of
6222 2096 99 35 ASH,
6340 2096 104 35 ELM,
6460 2096 282 39 PLANETREE,
6759 2098 164 38 BEECH,

5846 2128 49 44 rY.
5942 2142 63 28 and
6025 2137 150 35 LARCH
6192 2142 63 30 and
6271 2137 175 35 SCOTCH
6471 2139 88 41 FIR,
6573 2142 60 31 full
6650 2148 206 36 grown,-»fit
6874 2148 49 30 fof

5835 2186 139 39 Railway
5989 2186 156 39 Sleepers,
6161 2187 236 39 Shipbuilding,
6416 2186 148 41 Roofing,
6578 2189 66 30 and
6661 2189 129 43 Paling.

6052 2243 88 38 Also,
6154 2254 20 20 a
6191 2244 145 38 quantity
6351 2243 35 28 of
6400 2243 306 36 BRUSHWOOD.

5833 2293 69 36 The
5920 2309 79 30 roup
6016 2302 33 27 to
6063 2301 96 39 begin
6176 2304 35 27 at
6227 2301 52 30 the
6296 2298 135 39 Smithy,
6443 2304 35 27 at
6491 2301 110 30 eleven
6614 2302 124 31 o'clock
6754 2302 165 31 forenoon.

5924 2343 148 38 Dundee,
6088 2342 145 44 January
6250 2342 55 39 2(3,
6326 2342 98 33 1844.

5942 2419 66 55 >/
6020 2427 128 38 SALE
6175 2427 68 36 OF
6268 2427 263 38 GROWING
6559 2428 170 36 WOOD.

5836 2542 106 31 There
5957 2545 63 30 will
6036 2545 39 28 be
6090 2545 69 28 sold
6175 2545 39 36 by
6231 2545 107 33 public
6356 2553 91 30 roup,
6471 2545 110 30 within
6603 2543 68 30 Mrs
6688 2542 139 39 Henry's
6844 2540 76 38 Inn,

5880 2586 110 38 Alyth,
6005 2597 41 19 on
6061 2586 202 36 Wednesday
6279 2586 54 28 the
6350 2586 57 28 6th
6425 2587 60 36 day
6501 2587 36 27 of
6550 2586 128 35 March,
6696 2586 98 33 1844,
6809 2591 33 24 at
6857 2594 61 20 one

5879 2630 121 30 o'clock
6016 2630 180 36 afternoon,

5839 2685 139 76 THE
6002 2682 216 33 GROWING
6235 2679 91 33 OAK
6357 2679 200 36 COPPtCE.
6575 2682 63 30 and
6655 2680 93 31 other
6764 2679 153 39 WOOD,

5959 2739 41 20 on
6017 2729 54 30 the
6096 2728 106 28 Lands
6230 2726 35 30 of
6277 2724 131 31 Auchter
6425 2724 101 41 Alyth,
6540 2726 142 30 situated
6707 2728 98 28 about
6824 2726 90 30 three

5836 2775 88 31 miles
5940 2778 33 27 to
5991 2773 54 30 the
6060 2770 154 33 eastward
6231 2770 35 30 of
6283 2770 110 39 Alyth.

5882 2820 28 28 A
5926 2827 113 30 person
6057 2817 63 28 will
6145 2817 38 28 be
6198 2825 41 19 on
6265 2814 54 30 the
6342 2816 126 39 ground
6493 2819 31 25 to
6548 2816 90 36 point
6655 2817 57 27 out
6735 2814 54 30 the
6809 2813 106 33 Wood

5836 2865 65 28 and
5915 2871 137 22 accesses
6068 2861 134 30 thereto,
6227 2868 41 20 on
6285 2860 161 38 Tuesdays
6461 2860 63 30 and
6543 2860 216 38 Wednesdays
6775 2860 55 30 the
6846 2860 72 38 6th,

5838 2906 69 36 7th,
5923 2907 91 38 20th,
6028 2907 63 30 and
6107 2904 74 31 21st
6197 2902 173 43 February,
6397 2906 63 28 and
6477 2915 39 19 on
6534 2904 54 30 the
6605 2909 63 25 two
6694 2904 76 38 days
6786 2904 135 38 preced*

5838 2953 54 39 ing
5910 2953 54 28 the
5980 2953 76 30 sale.

5882 2995 68 30 The
5965 2995 126 30 articles
6107 2994 35 31 of
6164 3003 79 30 roup
6258 3003 71 30 may
6353 2992 39 33 be
6408 3003 71 20 seen
6504 2992 33 30 in
6553 2992 55 30 the
6624 2991 102 31 hands
6748 2992 36 28 of
6805 2989 112 33 James

5836 3041 63 30 and
5915 3041 88 30 John
6019 3041 134 38 Ogilvie,
6169 3041 132 33 writers,
6318 3038 58 30 No.
6394 3038 33 36 3,
6444 3038 76 30 New
6537 3038 61 30 Inn
6619 3035 112 41 Entry,
6748 3036 148 31 Dundee.

5929 3085 148 36 Dundee,
6091 3082 82 33 26th
6189 3083 153 39 January,
6362 3080 98 35 1844.

5917 3165 184 30 .THERE
6124 3167 43 28 IS
6189 3167 57 33 TO
6268 3165 58 30 BE
6350 3164 205 31 EXPOSED
6576 3164 91 30 FOR
6688 3161 123 36 SALE,

6183 3214 61 33 BY
6261 3216 169 30 PUBLIC
6449 3214 128 36 ROUP,

5839 3268 124 30 Within
5991 3268 55 31 the
6076 3268 128 39 writing
6233 3268 88 30 office
6350 3268 33 30 of
6397 3268 142 30 Andrew
6565 3263 161 39 Willison,
6742 3263 178 43 Exchang®

5880 3312 180 39 Buildings,
6074 3323 41 20 on
6137 3312 197 41 Wednesday
6359 3312 55 30 the
6430 3312 82 30 28th
6528 3312 60 39 day
6603 3312 35 30 of
6652 3312 162 39 February
6830 3317 94 30 next,

5880 3361 35 25 at
5931 3365 61 20 one
6008 3357 121 28 o'clock
6146 3359 180 33 afternoon,

5838 3411 132 74 TWO
5997 3411 247 30 DWELLING
6268 3411 184 35 HOUSES,
6477 3411 35 30 of
6528 3416 61 25 two
6605 3411 120 30 Stories
6737 3409 93 36 «ach,
6846 3411 63 28 situ-

5942 3455 74 30 ated
6046 3460 35 25 at
6112 3457 184 38 Mylnefield
6326 3455 96 33 Feus,
6455 3455 99 30 Perth
6591 3455 102 33 Road,
6724 3455 71 30 four
6831 3454 90 30 miles

5836 3498 120 31 distant
5972 3501 79 28 from
6069 3498 135 31 Dundee
6219 3510 9 25 ;
6252 3501 65 28 and
6340 3501 98 28 about
6455 3499 69 30 half
6539 3509 39 20 an
6595 3509 74 20 acre
6683 3499 36 30 of
6732 3499 191 30 GROUND

5835 3542 162 39 adjoining
6011 3545 230 36 :—belonging
6257 3548 31 25 to
6306 3545 55 28 the
6387 3545 227 36 Sequestrated
6633 3543 109 28 Estate
6759 3545 35 27 of
6814 3542 110 30 James

5838 3583 120 38 Miller,
5981 3587 63 28 late
6069 3587 150 28 bleacher
6246 3592 33 24 at
6307 3587 216 28 Bullionfield.
6580 3586 71 31 The
6682 3586 126 31 Houses
6841 3586 82 30 have

5835 3630 142 38 recently
5992 3630 79 30 been
6088 3630 192 38 thoroughly
6309 3631 143 36 repaired
6466 3641 11 27 ;
6501 3631 63 28 and
6589 3631 90 28 there
6696 3633 25 27 is
6737 3641 19 17 a
6770 3630 154 39 plentiful

5835 3674 113 38 supply
5962 3674 36 30 of
6013 3674 110 28 Water
6139 3682 39 20 on
6197 3674 55 30 the
6268 3674 167 28 Premises.

5880 3728 54 28 Mr
5953 3728 104 28 David
6083 3726 106 36 Hood,
6205 3731 33 25 at
6266 3724 186 41 Mylnefield
6477 3726 94 36 Feus,
6587 3726 63 30 will
6666 3726 87 30 show
6772 3726 55 30 the
6844 3724 60 31 Pro-

5835 3775 90 35 perty
5937 3781 8 27 ;
5969 3772 63 28 and
6049 3772 187 39 particulars
6252 3781 71 27 may
6340 3772 38 28 be
6394 3770 129 30 learned
6540 3772 39 36 by
6602 3770 192 39 application
6811 3775 33 25 to
6869 3772 54 28 Mr

5836 3816 139 30 William
6003 3816 209 39 Wrongham,
6230 3816 57 28 the
6313 3816 132 28 Trustee
6469 3825 43 19 on
6540 3816 52 28 Mr
6625 3814 134 30 Miller's
6778 3814 134 38 Estate;

5838 3858 118 31 Messrs
5973 3860 101 30 Shiell
6090 3861 63 28 and
6167 3860 112 36 Small,
6293 3860 135 36 writers,
6441 3860 128 30 Reform
6580 3858 131 38 Street;
6729 3866 38 22 or
6783 3860 139 30 Andrew

5838 3902 159 39 Willison,
6027 3904 176 41 Exchange
6236 3904 257 41 Bui'.dings,—in
6521 3904 104 30 whose
6652 3904 104 30 hands
6783 3912 54 22 are
6866 3904 57 30 the

5838 3950 83 31 Title
5939 3951 107 31 Deeds
6060 3951 63 30 and
6140 3951 187 31 Conditions
6343 3951 33 30 of
6391 3951 83 30 Sale.

6197 3997 77 36 (No
6296 3995 128 31 Auction
6447 3997 115 39 Duty.)

5929 4041 150 36 Dundee,
6093 4041 143 39 January
6252 4041 57 36 25,
6329 4041 98 33 1844.

5995 4123 124 35 TWO
6148 4123 392 43 SUPPLEMENTS,
6567 4123 206 43 GRATIS,

6337 4187 93 24 WITH

6143 4227 112 39 THE
6299 4227 323 43 DISPATCH.

5874 4320 178 35 GREAT
6079 4318 274 35 NATIONAL
6383 4320 157 33 TRIAL
6567 4318 71 35 AT
6668 4315 216 38 DUBLIN.

5835 4403 142 79 THE
5994 4405 151 28 immense
6161 4403 61 28 size
6238 4403 36 28 of
6285 4403 93 28 THE
6400 4403 197 30 WEEKLY
6622 4402 224 31 DISPATCH
6865 4402 55 28 has

5962 4446 140 30 hitherto
6126 4446 132 28 enabled
6282 4446 41 28 its
6348 4446 197 36 Proprietors
6569 4455 41 19 on
6633 4446 44 28 all
6701 4446 162 28 oocasions
6887 4450 31 24 to

5828 4493 129 36 present
5973 4499 19 19 a
6006 4490 140 36 copious,
6162 4488 63 28 and
6241 4491 33 27 at
6291 4488 54 28 the
6362 4498 85 19 same
6468 4488 77 28 time
6562 4488 200 38 interesting,
6778 4493 137 25 account

5828 4534 36 30 of
5888 4534 54 30 the
5969 4537 109 24 events
6104 4531 35 30 of
6162 4531 77 30 each
6269 4531 98 28 week.
6414 4531 30 28 It
6472 4531 38 33 is,
6532 4531 156 33 however,
6715 4540 71 19 now
6816 4531 99 28 found

5827 4578 120 36 utterly
5962 4575 178 39 impossible
6161 4578 33 25 to
6216 4575 71 38 give
6307 4573 154 38 anything
6477 4572 65 30 like
6565 4583 17 17 a
6608 4573 124 28 faithful
6751 4578 109 33 report
6882 4573 36 30 of

5827 4620 55 30 the
5898 4619 85 30 Trial
6000 4619 35 30 of
6049 4619 52 30 Mr
6112 4617 176 31 O'Connell
6304 4619 63 27 and
6384 4616 49 30 his
6449 4616 118 39 Repeal
6583 4616 180 33 associates,
6775 4616 137 30 without

5827 4665 172 36 excluding
6014 4672 19 19 a
6055 4666 91 36 great
6162 4671 82 20 mass
6266 4661 35 30 of
6321 4660 189 39 interesting
6526 4660 151 30 domestic
6701 4660 63 28 and
6789 4660 123 38 foreign

5827 4709 214 39 intelligence.
6098 4706 69 31 The
6198 4706 211 39 Proprietors,
6439 4706 169 36 therefore,
6636 4704 60 30 feel
6726 4704 71 30 that
6830 4702 82 31 their

5825 4754 139 43 journal,
5986 4751 106 33 which
6118 4753 57 30 has
6197 4753 80 30 been
6307 4751 49 31 for
6378 4761 99 31 years,
6501 4751 63 31 aifQ
6589 4751 25 30 is
6641 4759 82 25 now,
6745 4748 165 31 honoured

5830 4800 77 33 with
5921 4811 87 22 more
6025 4803 173 39 patronage
6214 4800 77 31 than
6309 4808 61 30 any
6384 4800 93 30 other
6493 4800 33 30 in
6542 4798 172 35 existence,
6729 4795 115 31 should
6871 4795 39 30 be

5831 4849 33 30 in
5888 4849 44 30 all
5959 4852 142 38 respects
6115 4847 183 43 complete;
6318 4846 76 36 and,
6414 4846 76 31 with
6515 4846 71 31 that
6602 4844 90 38 view,
6707 4843 74 39 they
6800 4841 113 31 intend

5833 4899 35 27 to
5882 4896 101 30 insert
5998 4906 20 20 a
6041 4906 162 31 summary
6227 4894 35 31 of
6276 4894 54 31 the
6345 4893 206 41 proceedings
6567 4891 115 39 during
6701 4890 52 30 the
6769 4896 146 33 progress

5836 4942 35 33 of
5893 4942 55 33 the
5972 4942 74 33 trial
6069 4942 35 30 in
6129 4942 82 33 their
6236 4942 90 30 usual
6351 4940 157 38 columns,
6531 4939 63 31 and
6622 4940 128 38 present
6775 4940 35 27 to
6833 4934 82 33 their

5836 4989 121 31 friends
5970 4989 63 31 and
6052 4989 194 30 subscribers

6109 5054 87 27 Two
6216 5052 277 31 Supplements,
6513 5050 134 27 Gratis.

5838 5098 72 31 One
5924 5098 35 30 of
5983 5098 88 30 these
6087 5098 224 38 Supplements
6328 5096 61 28 will
6414 5096 38 28 be
6469 5093 165 38 published
6657 5101 41 19 on
6715 5090 55 30 the
6786 5088 129 36 Sunday

5857 5142 191 36 succeeding
6065 5140 54 30 the
6131 5140 134 36 delivery
6277 5140 36 27 of
6326 5140 54 27 the
6397 5139 129 31 verdict,
6539 5135 63 28 and
6616 5135 61 27 will
6693 5134 128 28 contain
6835 5131 54 28 the

6260 5197 230 28 SPEECHES

5860 5244 52 35 Of
5917 5246 60 25 Mr
5992 5244 173 33 O'Connell,
6181 5246 58 25 Afr
6255 5244 88 30 SJusil.
6359 5244 55 27 Sir
6427 5243 35 28 C.
6479 5241 176 36 O'Loghlin,
6668 5239 47 28 Hie
6729 5239 159 36 Attorney'

6074 5285 140 31 General,
6227 5285 63 25 and
6302 5285 80 25 other
6397 5283 118 35 leading
6531 5282 132 27 Counsel.

5825 5331 161 39 Together
6002 5332 76 27 with
6094 5332 54 27 the
6164 5332 225 35 Summing-up
6406 5334 35 25 of
6455 5332 54 28 the
6524 5334 118 36 Judge,
6658 5332 54 27 the
6731 5331 131 28 Verdict
6877 5329 38 28 of

5825 5375 54 30 the
5904 5375 93 36 Jury,
6011 5375 63 28 and
6101 5373 91 30 other
6216 5378 132 25 matters
6364 5375 35 28 of
6419 5375 197 36 importance
6641 5373 69 30 that
6728 5381 71 30 may
6825 5372 82 30 arise

5825 5428 41 28 up
5883 5422 31 27 to
5931 5417 55 30 the
6003 5417 93 28 latest
6112 5416 93 36 hour,
6220 5417 49 28 for
6287 5417 102 28 which
6408 5417 54 28 the
6479 5417 132 28 services
6627 5416 35 30 of
6674 5416 118 30 several

5852 5479 213 22 short-hand
6079 5479 153 20 writers
6244 5477 43 22 of
6302 5477 178 27 eminence
6496 5477 93 24 have
6606 5477 90 22 been
6710 5477 175 24 engaged.

5827 5523 66 31 The
5904 5523 118 30 second
6035 5523 209 39 Supplement
6257 5520 80 41 (also
6351 5523 35 30 of
6400 5521 52 31 the
6466 5523 57 30 full
6537 5524 61 30 size
6613 5523 33 31 of
6660 5523 77 31 The
6751 5523 161 33 Weekly

5827 5567 192 44 Dispatch)
6036 5569 76 36 will,
6126 5569 33 28 in
6175 5569 77 35 fact,
6268 5569 80 30 form
6367 5569 54 31 the
6438 5570 85 38 early
6540 5572 128 39 portion
6685 5570 33 35 of
6740 5570 54 33 the
6811 5570 101 41 Trial,

5827 5616 63 30 and
5915 5614 145 31 embrace
6085 5613 55 31 the
6156 5614 208 41 proceedings
6392 5614 82 33 front
6501 5616 58 31 the
6575 5624 277 27 commencement
6879 5622 35 28 to

5830 5663 69 30 that
5915 5666 88 35 stage
6030 5663 35 27 at
6079 5658 104 31 which
6209 5658 57 31 the
6293 5660 93 30 other
6411 5660 137 41 begins;
6572 5672 33 20 so
6633 5663 74 35 that
6734 5674 93 30 every
6844 5666 55 30 sub-

5830 5709 118 30 scriber
5970 5710 33 27 to
6019 5704 80 31 The
6123 5704 159 30 Weekly
6301 5707 175 30 Dispatch
6501 5709 65 30 will
6583 5709 39 31 be
6638 5710 33 30 in
6696 5712 175 38 possession
6888 5710 35 31 of

5833 5764 17 20 a
5866 5753 156 39 complete
6038 5751 61 30 and
6117 5751 126 30 faithful
6260 5756 107 36 report
6383 5751 35 30 of
6431 5753 63 30 this
6512 5757 91 35 great
6619 5756 145 30 national
6781 5756 139 30 trial—a

5833 5800 71 31 trial
5918 5797 102 31 which
6038 5800 83 27 must
6137 5797 129 30 become
6277 5808 19 19 a
6312 5802 117 25 matter
6441 5798 33 28 of
6488 5798 131 39 history,
6630 5802 66 28 and
6712 5802 39 30 be
6764 5802 156 41 regarded

5835 5857 33 20 as
5883 5855 39 22 an
5940 5849 91 28 event
6046 5844 35 30 of
6093 5852 41 22 no
6151 5844 146 38 ordinary
6315 5844 197 39 importance
6528 5844 35 30 in
6578 5846 82 30 after
6677 5846 88 30 time.

5975 5899 30 27 A
6020 5898 261 36 Biographical
6296 5898 139 28 Sketch
6450 5898 39 27 of
6501 5898 63 27 Mr
6578 5898 27 25 O
6624 5898 154 31 Connejl

5838 5946 77 31 Will
5932 5945 134 43 precede
6082 5945 55 30 the
6153 5950 137 28 account
6306 5945 33 30 of
6353 5945 52 30 the
6422 5943 102 36 Trial,
6534 5943 104 31 which
6657 5943 63 30 will
6737 5943 38 31 be
6794 5943 129 31 written

5838 5994 39 39 by
5906 6005 17 19 a
5951 5992 180 41 gentleman
6161 5992 175 39 intimately
6367 5991 192 39 acquainted
6591 5989 77 31 with
6698 5989 55 33 the
6783 5992 24 16 **
6822 5989 104 31 Great

5841 6038 184 43 Agitator,''
6039 6038 63 30 and
6117 6038 225 41 consequently
6353 6047 60 20 one
6430 6038 71 30 who
6515 6036 58 31 has
6591 6036 165 31 treasured
6770 6046 44 30 up
6827 6044 94 31 many

5841 6087 241 31 reminiscences
6093 6085 69 31 that
6175 6085 60 30 will
6249 6085 113 31 render
6375 6085 55 31 the
6441 6082 181 46 Biography
6639 6093 17 22 a
6671 6093 98 33 paper
6783 6082 36 33 of
6833 6091 76 33 gene-

5841 6134 47 28 ral
5904 6132 63 30 and
5983 6132 173 38 absorbing
6173 6131 142 33 interest.

6112 6187 69 30 The
6198 6192 61 25 two
6277 6187 236 39 Supplements,
6529 6187 137 41 forming

6180 6241 209 50 Ninety-six
6411 6243 187 39 Columns,
6950 6241 2 50 ,

5844 6307 74 28 Will
5935 6307 38 28 be
5989 6307 126 35 printed
6132 6307 172 36 uniformiy
6320 6307 77 27 with
6416 6306 79 28 The
6513 6307 187 35 Dispatch,
6717 6306 65 28 and
6797 6306 131 28 contain

5893 6361 19 17 a
5926 6351 146 38 quantity
6088 6351 35 27 of
6137 6353 118 25 matter
6268 6351 94 36 equal
6381 6353 33 25 to
6430 6354 33 24 at
6480 6351 79 27 least
6575 6359 41 19 an
6633 6353 112 25 octavo
6764 6350 61 28 vol,
6841 6348 36 30 of

6019 6403 146 30 FIVE
6197 6402 307 31 HUNDRED
6540 6400 205 30 PAGES.

5885 6458 118 30 Orders
6025 6457 142 28 received
6183 6457 39 36 by
6238 6466 91 27 every
6346 6455 176 28 bookseller
6537 6455 33 27 in
6587 6458 85 24 town
6696 6455 66 28 and
6778 6460 151 35 country,

5839 6504 61 27 and
5918 6502 38 38 by
5976 6501 50 28 Mr
6046 6501 113 35 Wood,
6170 6499 142 39 Dispatch
6329 6499 110 31 Office,
6457 6498 63 28 139
6539 6498 91 30 Fleet
6646 6498 118 36 Street,
6778 6498 148 31 London.

5843 6603 254 38 DUDIIOPE
6129 6603 189 35 WORKS
6357 6600 359 35 POWER-LOOM
6756 6600 170 36 LINEN

6112 6660 244 39 FACTORY
6380 6657 102 38 FOR
6510 6657 142 36 SALE.

6165 6751 60 30 NO
6246 6746 353 33 AUCTION-DUTY.

5838 6839 104 31 There
5959 6838 63 30 will
6039 6838 38 30 be
6093 6836 137 41 exposed
6246 6835 47 31 for
6310 6835 74 33 sale,
6411 6833 38 41 by
6474 6833 109 41 public
6611 6843 93 31 roup,
6731 6835 113 33 within
6872 6835 57 33 the

5883 6885 104 30 Baltic
6003 6883 205 35 Coffeeroom,
6236 6880 146 31 Dundee,
6411 6888 41 22 on
6479 6879 145 38 Tuesday
6650 6880 57 31 the
6723 6879 80 36 20th
6822 6883 60 39 day
6899 6885 35 28 of

5882 6929 162 36 February
6063 6926 96 36 1844,
6175 6931 33 25 at
6224 6934 61 22 one
6299 6923 121 31 o'clock
6438 6924 180 38 afternoon,

5841 6983 121 77 TAHE
5989 6992 69 22 new
6085 6981 63 30 and
6176 6981 157 31 extensive
6364 6978 307 35 POWER-LOOM
6699 6983 230 38 FACTORY,

5943 7027 135 30 situated
6106 7028 33 28 in
6169 7027 110 30 Lower
6302 7025 235 38 Chapelshade,
6567 7027 151 36 Dundee,
6742 7030 129 30 erected
6898 7030 33 28 in

5841 7071 85 31 1840
5945 7074 38 35 by
5994 7071 54 30 the
6063 7071 63 30 late
6145 7069 181 31 Alexander
6337 7069 120 31 Rowan
6466 7072 132 38 junior;
6622 7074 77 30 with
6712 7074 54 30 the
6778 7074 151 30 STEAM

5838 7115 181 36 ENGINE,
6036 7115 161 36 LOOMS,
6227 7113 290 39 MACHINERY,
6542 7118 66 30 and
6636 7118 101 30 whole
6767 7118 135 31 APPUR-

5838 7159 236 30 TENANCES
6090 7170 33 19 as
6135 7165 33 25 at
6184 7164 128 36 present
6326 7161 36 28 in
6381 7161 57 30 full
6455 7162 180 39 operation.

5882 7214 69 30 The
5970 7214 154 39 Weaving
6142 7216 99 30 Room
6258 7225 161 20 measures
6444 7216 66 30 223
6540 7217 65 28 feet
6627 7216 41 39 by
6685 7214 41 31 92
6745 7216 88 36 feet;
6857 7216 25 28 is
6898 7214 39 31 of

5836 7266 60 19 one
5912 7258 255 38 story—lighted
6191 7260 82 28 from
6296 7260 55 28 the
6373 7260 180 28 roof—and
6580 7260 153 28 intended
6751 7265 30 25 to
6797 7260 134 28 contain

5838 7298 63 28 350
5923 7298 123 28 Looms.
6093 7299 69 30 The
6181 7299 156 38 Winding
6362 7304 65 27 and
6454 7302 143 36 dressing
6625 7302 115 28 Rooms
6767 7312 55 19 are
6852 7304 31 27 in
6912 7312 19 17 a

5838 7340 143 33 building
5995 7340 36 25 of
6055 7343 61 24 two
6143 7342 123 30 stories,
6291 7343 65 25 and
6384 7343 107 27 Attics
6518 7343 167 38 adjoining
6699 7345 36 27 of
6759 7345 55 28 the
6841 7353 87 19 same

5836 7380 120 31 length,
5973 7380 38 31 bjf
6027 7378 44 30 27
6087 7378 65 27 feet
6167 7375 112 36 broad,
6290 7383 66 25 and
6373 7383 35 27 of
6419 7383 159 31 sufficient
6605 7386 63 28 size
6685 7389 31 25 to
6734 7387 129 27 contain
6880 7386 43 28 all

5833 7416 54 28 the
5918 7425 164 27 necessary
6113 7416 157 39 Winding
6309 7419 65 27 and
6406 7419 154 36 Dressing
6594 7422 200 36 Machinery.
6857 7427 69 25 The

5833 7458 106 30 Boiler
5950 7457 120 33 House,
6079 7455 255 38 Starch-House,
6348 7458 195 30 Mechanics'
6556 7461 66 28 and
6636 7461 157 39 Wrights'
6809 7466 115 38 Shops,

5833 7513 54 20 are
5901 7502 35 30 in
5951 7512 19 19 a
5986 7509 96 30 range
6098 7498 156 31 detached
6271 7499 80 30 from
6370 7501 55 30 the
6443 7502 83 28 main
6545 7501 181 41 Buildings.

5879 7548 102 30 There
5997 7545 25 30 is
6038 7543 31 30 in
6085 7542 54 30 the
6164 7540 156 31 Premises
6345 7553 19 19 a
6391 7546 145 36 superior
6559 7546 109 31 Steam
6687 7548 124 41 Engine
6827 7551 35 28 of
6877 7551 43 30 35

5835 7594 91 28 horse
5942 7597 113 33 power,
6071 7586 74 30 with
6162 7589 63 25 two
6249 7586 121 30 Boilers
6394 7592 159 30 sufficient
6576 7595 33 27 to
6633 7594 87 30 drive
6735 7594 57 31 the
6809 7594 115 39 whole,

5836 7638 90 30 when
5942 7630 175 44 completed
6131 7630 173 39 according
6320 7635 33 25 to
6370 7633 55 31 the
6441 7636 137 41 original
6594 7638 91 33 Plan.

6099 7685 68 30 The
6186 7683 117 31 Works
6318 7690 33 28 at
6376 7698 131 31 present
6523 7696 131 31 contain

5838 7751 19 28 4
5882 7745 153 36 Winding
6049 7739 164 33 Machines
6227 7740 36 28 of
6277 7740 43 31 72
6335 7745 143 38 spindles
6494 7751 91 38 each,
6602 7751 49 31 for
6668 7764 87 30 warp
6770 7754 159 39 bobbins;

5841 7794 13 30 1
5882 7789 151 36 Winding
6050 7783 146 31 Machine
6214 7783 35 31 of
6269 7783 43 33 72
6452 7792 65 38 do.,
6608 7797 50 31 for
6688 7800 132 38 pirning
6852 7803 77 28 weft

5880 7836 46 31 off
5937 7833 129 31 bobbins
6080 7838 9 27 ;

5839 7882 13 30 1
5883 7877 150 36 Winding
6049 7871 148 31 Machine
6214 7871 35 30 of
6258 7871 41 30 64
6312 7876 154 41 spindles,
6477 7882 49 30 for
6539 7885 129 38 pirning
6682 7888 74 30 weft
6767 7888 46 30 off
6819 7890 88 30 hank
6918 7901 8 8 •

5838 7926 19 30 2
5882 7921 153 38 Winding
6049 7917 165 31 Machmes
6228 7918 36 30 of
6277 7918 43 30 56
6346 7950 13 9 .
6392 7923 54 31 do.
6460 7928 91 38 each,
6578 7929 49 30 for
6650 7932 129 38 pirning
6797 7935 76 28 weft
6888 7935 46 28 off

5883 7967 106 35 hank;

5841 8014 14 31 1
5883 8009 151 36 Winding
6052 8005 148 30 Machine
6216 8005 36 30 of
6268 8005 63 33 106
6394 8013 52 31 do.
6584 8014 49 30 for
6649 8016 131 43 pirning
6797 8019 74 31 weft
6888 8020 46 31 off

5883 8055 131 33 bobbins
6027 8063 11 25 ;
6063 8049 123 36 Buller,
6202 8049 118 39 Willis,
6337 8057 63 28 and
6417 8057 83 31 Co's.
6515 8057 145 39 Patent;

5841 8104 17 30 3
5885 8098 148 36 Dressing
6046 8093 176 35 Machines,
6241 8094 44 28 64
6304 8098 88 33 inch,
6411 8101 109 30 within
6539 8101 55 30 the
6611 8102 110 38 Rails;

5838 8148 22 30 2
6006 8140 74 35 Do.,
6238 8137 43 31 58
6373 8143 54 30 do.
6532 8145 50 30 do.
6600 8156 11 25 ;

5841 8194 17 28 4
6008 8186 74 33 Do.,
6241 8183 44 30 55
6378 8187 52 31 do.
6537 8189 77 38 do.;

5841 8235 14 31 1
6008 8230 74 36 Do.,
6239 8225 43 30 42
6373 8230 54 30 do.
6532 8233 77 36 do.;

5843 8279 13 30 1
6008 8274 74 35 Do.,
6238 8271 43 28 64
6375 8274 52 30 do.
6532 8277 65 35 do.,
6641 8280 112 41 nearly
6769 8282 164 46 finished;

5841 8323 14 35 J
6008 8318 74 36 Do.,
6236 8315 43 30 55
6372 8318 52 33 do.
6531 8321 63 39 do.,

5866 8367 11 31 1
5907 8367 98 30 Loom
6022 8367 33 27 to
6071 8370 102 22 weave
6186 8359 87 31 cloth
6293 8359 41 33 78
6351 8364 76 30 inch
6444 8365 113 39 broad,
6572 8369 65 31 and
6652 8372 104 33 under-

5841 8413 43 28 -60
6030 8408 49 28 do.
6170 8405 50 30 do.
6290 8405 43 30 50
6425 8411 54 30 do.
6616 8416 80 38 do.;

5844 8457 38 28 14
6030 8452 49 30 do.
6170 8450 50 28 do.
6291 8452 43 27 46
6427 8455 54 33 do.
6619 8461 55 31 do.
6688 8474 8 8 •

5843 8501 39 28 54
6031 8498 50 28 do.
6172 8494 52 30 do.
6293 8494 41 31 36
6430 8501 52 30 do.
6622 8507 52 33 do.
6691 8494 6 46 •

5839 8542 39 30 21
6030 8540 49 28 do.
6170 8539 52 30 do.
6291 8540 39 30 36
6427 8545 52 31 do.
6619 8534 162 55 do.,'with
6803 8559 135 39 twillirg

5883 8589 120 25 motion
6030 8583 170 39 complete,
6227 8586 65 30 and
6307 8591 33 25 to
6359 8589 88 33 work
6474 8594 79 31 with
6578 8597 58 31 the
6652 8602 118 31 double
6786 8614 38 22 or
6839 8605 102 33 single

5885 8627 106 36 blow;
6890 8627 19 16 °

5841 8671 41 30 34
5907 8671 117 30 Looms
6039 8674 33 27 to
6090 8680 104 24 weave
6209 8674 88 35 cloth
6317 8677 43 31 30
6376 8680 76 31 inch
6468 8685 113 38 broad,
6600 8690 65 30 and
6680 8691 124 35 under;

5843 8713 41 31 20
6035 8717 39 30 do
6077 8740 8 8 -
6192 8720 41 31 do
6321 8723 44 33 25
6460 8729 52 30 do.
6628 8737 76 38 do.;

5912 8759 101 33 Extra
6022 8762 98 41 heavy
6134 8764 17 30 C
6162 8775 96 22 anvas
6274 8767 120 35 Looms
6411 8772 49 33 for
6474 8775 41 31 30
6529 8778 76 31 inch
6622 8781 110 35 broad,
6751 8781 63 30 and
6830 8780 117 33 under,

5891 8808 76 30 with
5986 8808 117 33 double
6118 8820 38 20 or
6173 8813 101 41 singal
6290 8816 83 31 blow
6389 8830 11 25 ;

5872 8869 17 13 ■i
5918 8854 101 31 Extra
6035 8855 99 41 heavy
6151 8858 123 31 Canvas
6283 8861 118 31 Looms
6417 8866 49 30 for
6482 8866 43 30 25
6543 8868 76 31 inch
6636 8869 98 30 broad
6751 8869 63 28 and
6830 8866 117 33 under,

5894 8899 77 30 with
5989 8901 117 31 double
6123 8912 36 22 or
6175 8904 101 41 single
6291 8907 83 31 blow
6389 8920 9 28 ;

5874 8945 19 30 9
5920 8945 113 31 Looms
6049 8948 110 41 nearly
6175 8951 135 33 finished
6324 8965 11 27 ;

5921 8992 28 30 A
5967 8992 79 31 Reel
6061 8994 49 30 for
6128 8997 143 43 warping
6287 9000 101 39 single
6405 9002 94 30 webs.

5899 9046 71 33 The
6003 9049 198 33 Mechanics'
6225 9055 65 30 and
6317 9055 157 36 Wrights'
6499 9052 85 36 Shop
6613 9047 140 30 contain?
6778 9052 19 17 a
6825 9039 117 35 Forge,

5855 9091 150 43 Turning
6030 9094 131 36 Lathes,
6181 9098 121 39 Boring
6332 9098 159 33 Machine,
6518 9093 63 30 and
6603 9101 17 17 a
6649 9085 151 36 complete
6833 9085 46 24 set
6910 9085 27 22 o:

5860 9140 197 30 Mechanics*
6071 9142 63 30 and
6151 9142 225 30 Blacksmiths'
6392 9140 93 27 Tools
6499 9134 153 30 sufficient
6668 9129 47 27 for
6732 9126 131 36 making
6876 9134 39 17 an
6928 9126 11 25 1

5858 9184 161 35 repairing
6035 9184 54 30 the
6107 9186 183 28 Machinerv
6307 9184 33 27 of
6354 9183 54 28 the
6425 9178 123 28 Works.

5906 9227 69 31 The
5994 9228 113 36 whole,
6123 9228 77 28 with
6217 9228 54 27 the
6293 9227 93 27 Plans
6402 9220 61 30 and
6482 9216 205 30 Inventories,
6710 9219 71 27 may
6798 9208 43 28 be
6868 9217 76 22 seen

5860 9282 60 27 any
5937 9274 58 35 day
6013 9274 142 35 previous
6172 9276 31 22 to
6231 9269 54 28 the
6312 9266 74 30 sale,
6414 9271 39 19 on
6480 9255 191 41 application
6699 9257 31 25 to
6759 9252 187 33 Alexander

5860 9315 176 36 Kinmond,
6052 9315 85 36 Esq.,
6153 9310 189 31 merchant;
6365 9302 115 28 Messrs
6498 9301 14 27 C
6528 9298 6 54 ♦
6553 9298 61 30 and
6630 9298 31 31 J.
6679 9298 94 38 Kerr,
6795 9304 128 27 enters
6939 9312 13 30 j

5860 9367 38 22 or
5912 9359 110 30 James
6036 9359 129 30 Rowan,
6183 9353 41 28 32
6239 9351 159 35 Cowgate.

5953 9402 146 35 Dundee,
6113 9397 140 36 January
6268 9392 55 38 23,
6343 9387 94 31 1844.

5154 339 165 27 NEW

4756 384 260 36 COASTING
5046 383 301 39 INSURANCE
5375 381 345 43 ASSOCIATION

5206 439 65 22 FOR

4701 483 93 30 TIIE
4814 483 117 30 PORT
4953 483 57 30 OF
5030 480 184 30 DUNDEE
5235 482 91 28 AXD
5348 482 165 33 PLACES
5534 474 239 36 ADJACENT.

4712 570 71 77 IT
4806 570 94 39 being
4918 567 52 31 the
4986 565 74 31 wish
5077 565 35 30 of
5124 575 93 28 many
5235 567 33 28 of
5290 569 55 30 the
5361 567 200 39 Shipowners
5575 564 140 39 engaged
5742 562 31 30 in

4811 614 55 30 the
4890 614 151 33 Coasting
5066 609 104 30 Trade
5195 611 35 28 of
5257 611 63 28 this
5351 614 87 33 Port,
5461 617 33 24 to
5521 611 77 28 form
5625 619 17 17 a
5671 608 102 28 NEW

4699 658 224 30 COASTING
4940 652 254 33 INSURANCE
5214 652 309 38 ASSOCIATION,
5537 665 17 19 a
5573 650 202 33 MEETING

4699 702 35 30 of
4748 702 88 30 those
4852 699 169 33 interested
5039 698 60 31 will
5115 698 38 28 be
5170 698 76 28 held
5263 699 31 27 in
5312 699 77 33 Mrs
5406 699 126 30 Hood's
5546 698 110 33 Hall,
5668 694 109 38 Vault,

4699 756 41 20 on
4761 746 139 36 Monday
4926 743 54 30 the
4997 742 55 28 sth
5071 742 58 38 day
5143 742 36 28 of
5194 740 162 41 February
5380 750 88 30 next,
5483 748 33 25 at
5531 743 107 30 eleven
5655 739 120 31 o'clock

4699 791 161 33 forenoon,
4879 789 46 28 for
4940 787 52 30 the
5009 795 135 30 purpose
5167 784 35 30 of
5216 786 76 39 duly
5309 789 198 38 considering
5524 795 94 24 same,
5636 784 63 30 and
5728 783 47 31 for

4701 836 54 27 the
4778 833 145 39 adoption
4940 831 35 28 of
4989 830 76 28 such
5083 828 83 30 rules
5181 830 65 28 and
5263 830 194 39 regulations
5474 841 33 20 as
5523 830 77 30 shall
5625 830 38 28 be
5679 828 98 30 found

4701 887 173 28 necessary,
4896 885 33 19 as
4945 874 68 30 well
5041 883 33 19 as
5101 874 47 28 for
5167 872 54 31 the
5246 874 137 31 election
5408 877 35 28 of
5466 887 17 19 a
5510 874 187 30 Committee
5713 872 61 30 and

4699 924 180 35 Surveyors.
4926 920 101 28 Those
5055 918 167 38 intending
5246 923 33 24 to
5307 918 93 30 effect
5422 921 167 28 insurance
5617 918 72 28 with
5715 918 63 28 this

4704 964 191 33 Association
4926 962 61 30 will
5005 962 104 38 please
5135 962 146 30 intimate
5299 973 83 20 same
5411 969 33 25 to
5469 964 54 31 the
5540 962 183 31 Subscriber
5746 970 33 20 as

4699 1011 85 38 early
4800 1017 33 20 as
4850 1006 131 41 possible
4997 1006 80 30 after
5094 1006 63 30 this
5181 1008 118 36 notice,
5315 1008 47 28 for
5378 1006 55 31 the
5449 1008 205 33 information
5677 1006 35 30 of
5726 1006 54 30 the

4701 1054 153 38 meeting.

5443 1096 85 31 Geo.
5545 1093 109 41 Boyd,
5665 1096 71 41 jun.

4893 1139 41 30 39
4953 1139 107 30 Castle
5077 1139 117 35 Street,

4789 1184 145 35 Dundee,
4950 1183 80 30 29th
5049 1184 153 38 January,
5222 1183 96 30 1844.

4924 1271 123 28 PEWS
5072 1272 47 28 for
5135 1272 113 30 SALE
5272 1272 31 30 in
5323 1272 55 30 the
5403 1271 115 31 AREA
5540 1272 33 27 of
5594 1272 54 27 the
5672 1271 104 28 NEW

4732 1301 30 50 jj_
4831 1315 110 31 EAST
4967 1315 200 31 CHURCH.

4921 1359 106 39 Apply
5043 1362 31 25 to

5191 1403 143 33 Robert
5353 1405 183 36 Adamson,
5551 1400 178 33 Merchant.

4748 1452 87 33 Also,
4855 1450 16 28 4
4888 1446 170 31 SHARES
5074 1446 35 30 of
5123 1446 54 30 the
5194 1447 77 30 Tay
5287 1452 65 28 and
5370 1450 98 30 Tynk
5483 1450 162 30 Shipping
5663 1444 83 30 Coy.

4791 1496 145 31 Dundee.
4953 1491 80 30 29th
5049 1490 154 39 January,
5222 1491 98 31 1844.

4872 1602 216 39 CHURCH
5117 1600 159 36 SEATS
5304 1605 71 36 TO
5405 1606 63 35 BE
5496 1603 112 36 LET.

4704 1699 121 76 THE
4841 1696 121 31 PEWS
4980 1696 60 30 and
5054 1691 205 33 SITTINGS
5271 1696 33 30 in
5321 1698 55 31 the
5391 1698 87 31 New
5490 1694 91 33 East
5597 1704 36 20 or
5644 1693 134 31 Parish

4806 1745 146 28 Church
4970 1740 33 30 of
5017 1740 161 31 Dundee,
5194 1739 173 43 belonging
5384 1748 31 25 to
5430 1743 55 30 the
5501 1742 202 39 Magistrates
5715 1740 63 28 and

4702 1787 146 35 Council,
4882 1787 61 30 and
4970 1784 79 30 Kirk
5082 1781 112 30 Fabric
5225 1780 109 41 Fund,
5362 1787 203 39 respectively
5594 1783 186 43 (excepting

4701 1835 120 28 certain
4846 1833 88 28 Pews
4957 1835 31 27 to
5011 1830 38 28 be
5074 1827 175 39 reserved),
5276 1830 63 30 will
5364 1833 39 28 be
5428 1833 60 28 Let
5510 1833 38 36 by
5565 1830 107 39 public
5690 1839 91 28 roup,

4702 1879 109 28 within
4830 1877 54 30 the
4907 1872 140 33 Church,
5063 1872 47 28 for
5128 1871 54 28 the
5205 1880 76 27 year
5299 1874 83 30 from
5408 1876 211 38 Whitsunday
5646 1874 85 28 1844
5748 1877 31 25 to

4704 1918 208 41 Whitsunday
4931 1918 96 33 1845,
5044 1924 82 30 upon
5142 1913 203 44 Wednesday
5362 1920 54 31 the
5430 1918 58 33 7th
5504 1921 58 38 day
5578 1918 202 38 ofFebruary

4702 1970 90 31 next,
4806 1970 33 25 at
4857 1965 110 30 twelve
4983 1959 120 33 o'clock
5120 1967 93 20 noon.

4748 2009 192 30 Particulars
4967 2016 69 28 may
5050 2005 38 28 be
5113 2003 129 30 learned
5266 2009 35 25 at
5321 2006 57 31 the
5392 2003 254 36 Chamberlain's
5669 2005 109 36 Office,

4704 2052 39 31 14
4764 2055 85 36 High
4868 2055 117 30 Street,
5000 2049 145 31 Dundee.

4794 2099 146 35 Dundee,
4954 2094 79 31 29th
5049 2093 154 38 January,
5222 2091 98 33 1844.

5044 2181 216 38 CHURCH
5290 2184 159 38 SEATS

4720 2244 50 52 \J
4800 2247 57 28 TO
4879 2246 57 30 BE
4959 2243 96 38 LET,
5077 2239 57 33 BY
5154 2239 216 41 AUCTION,
5394 2243 285 31 TO-MORROW.

4706 2331 104 77 SIX
4836 2332 134 35 PEWS,
4987 2328 134 35 situated
5139 2335 39 20 on
5194 2324 55 30 the
5265 2328 98 30 north
5380 2329 66 30 side
5460 2329 36 30 of
5510 2329 52 30 the
5578 2329 85 30 Area
5679 2328 33 28 of
5726 2326 52 30 the

4806 2376 87 30 New
4910 2376 132 30 Parish
5069 2376 146 28 Church
5243 2370 35 30 of
5302 2372 146 38 Dundee,
5461 2375 65 28 and
5553 2375 170 36 belonging
5746 2376 31 25 to

4701 2420 54 30 the
4773 2420 104 30 Baker
4894 2416 458 43 Incorporation—numbered
5370 2427 41 19 on
5430 2417 52 28 Mr
5498 2417 143 30 Carver's
5657 2417 74 38 plan
5748 2417 35 28 of

4701 2465 169 30 allocation
4885 2465 77 35 164,
4981 2465 74 35 165,
5074 2463 9 30 J
5094 2463 54 36 69,
5167 2461 72 35 170,
5260 2458 71 38 171,
5346 2461 61 28 and
5430 2458 76 38 172,
5515 2461 63 30 and
5595 2463 184 36 containing

4701 2510 30 27 in
4759 2510 41 28 all
4830 2509 41 30 30
4904 2509 236 38 sittings—will
5170 2510 36 27 be
5235 2506 82 30 LET
5345 2506 38 41 by
5413 2504 106 39 public
5551 2515 91 30 roup,
5665 2507 31 30 in
5726 2507 54 30 the

4699 2551 134 33 church,
4844 2561 41 19 on
4898 2550 198 39 Wednesday
5113 2551 79 35 first,
5205 2551 54 27 the
5272 2550 72 28 31st
5356 2553 140 28 current,
5509 2553 31 24 at
5554 2550 88 28 three
5658 2550 121 28 o'clock

4699 2595 178 28 afternoon.

5181 2636 96 30 John
5296 2636 46 30 M.
5359 2636 148 36 Beatts,
5528 2635 203 31 Auctioneer.

4789 2680 148 38 Dundee,
4953 2679 82 35 27th
5052 2680 156 41 January,
5228 2680 98 30 1844.

5035 2770 220 35 CHURCH
5282 2767 169 36 SEATS.

4699 2861 46 30 To
4761 2861 39 30 be
4819 2861 60 30 Let
4901 2861 41 38 by
4959 2863 107 36 public
5082 2872 93 30 roup,
5192 2861 110 30 within
5321 2860 54 28 the
5394 2861 79 28 New
5488 2871 38 20 or
5542 2861 80 30 East
5636 2861 145 43 Church,

4742 2915 41 20 on
4803 2906 167 38 Thursday
4986 2907 50 28 Ist
5054 2907 172 36 February,
5243 2909 31 27 at
5291 2904 150 36 half-past
5460 2907 112 28 twelve
5587 2907 139 36 o'clock,

4704 2948 195 80 EIGHT
4915 2951 126 30 PEWS
5055 2953 170 36 belonging
5241 2954 30 24 to
5285 2948 55 30 the
5351 2948 107 28 Tailor
5468 2948 117 36 Trade,
5597 2951 96 38 being
5704 2953 65 28 Nos

4833 2994 80 36 261,
4940 2994 77 38 262,
5043 2995 77 38 263,
5148 2995 77 35 264,
5252 2992 74 33 175,
5353 2989 76 35 176,
5455 2991 77 39 177,
5561 2994 76 31 185.
5682 2995 101 30 These

4698 3039 90 30 Pews
4803 3049 54 20 are
4874 3039 137 30 situated
5027 3039 33 30 in
5077 3041 54 30 the
5148 3039 128 38 Gallery
5290 3044 41 22 on
5348 3035 54 28 the
5417 3035 88 39 right
5521 3039 65 30 and
5603 3039 58 30 left
5677 3039 35 30 of
5726 3039 55 31 the

4699 3083 118 38 Pulpit,
4833 3083 63 28 and
4915 3083 63 30 will
5006 3085 39 28 be
5061 3083 46 31 let
5123 3085 80 28 from
5233 3083 52 30 the
5301 3079 137 39 opening
5454 3080 35 30 of
5510 3082 54 30 the
5581 3083 123 30 church
5732 3083 49 30 till

4701 3128 213 38 Whitsunday
4932 3126 98 30 1845.

4910 3214 332 36 CHURCH
5294 3209 265 43 SEATS,

4874 3272 148 27 PARISH
5041 3274 52 25 OR
5112 3272 91 27 NEW
5222 3269 96 27 EAST
5337 3266 164 28 CHURCH
5523 3272 49 24 OF
5591 3271 173 25 DUNDEE.

5057 3356 54 27 To
5123 3356 49 25 be
5186 3351 85 28 Sold
5287 3356 39 20 or
5340 3350 79 28 Let,

4707 3403 167 82 FOUR
4906 3405 151 31 PEWS
5091 3406 33 30 in
5156 3406 55 28 the
5235 3400 110 31 Parish
5373 3409 36 19 or
5435 3400 79 30 New
5539 3402 77 30 East
5639 3400 143 36 Church,

4817 3450 173 39 belonging
5005 3455 33 25 to
5055 3450 55 30 the
5128 3450 224 30 Hammermen
5370 3443 255 41 Incorporation,
5641 3446 139 30 situated

4698 3498 31 28 in
4746 3494 54 30 the
4816 3493 104 31 South
4937 3496 268 38 Gallery—being
5222 3491 74 30 Nos.
5312 3488 74 33 173,
5408 3488 165 33 1/4,178,
5586 3490 66 28 and
5672 3488 9 30 1
5694 3487 87 31 79—

4698 3540 63 30 will
4776 3540 39 28 be
4833 3540 137 38 exposed
4983 3543 33 25 to
5033 3540 63 28 sale
5112 3540 41 36 by
5169 3537 106 39 public
5291 3543 90 27 roup,
5394 3532 110 28 within
5523 3532 54 30 the
5592 3532 135 35 church,
5737 3543 43 19 on

4701 3583 153 38 Saturday
4871 3583 54 31 the
4945 3583 77 30 10th
5041 3584 161 36 February
5233 3578 96 33 1844,
5343 3581 33 25 at
5392 3576 112 30 twelve
5531 3576 124 28 o'clock
5671 3584 83 22 noon
5770 3587 11 25 ;

4698 3628 63 30 and
4776 3627 79 28 such
4871 3628 36 28 of
4920 3628 55 30 the
4992 3628 88 28 Pews
5096 3636 33 19 as
5145 3636 69 27 may
5230 3627 58 25 not
5304 3622 74 28 then
5395 3620 38 28 be
5450 3620 68 28 sold
5537 3620 61 28 will
5616 3620 39 28 be
5672 3620 57 36 let,
5740 3622 38 36 by

4699 3682 90 28 roup,
4805 3680 41 19 on
4863 3682 19 19 a
4898 3672 83 30 lease
4997 3672 35 30 of
5046 3672 88 28 three
5150 3677 88 30 years
5254 3666 80 30 after
5353 3663 30 28 \Y
5395 3663 170 38 hitsunday
5583 3666 88 27 next.

4742 3715 72 30 The
4830 3713 91 31 Pews
4946 3726 54 20 are
5017 3715 31 31 in
5076 3724 17 19 a
5110 3717 80 27 most
5206 3709 154 33 desirable
5383 3707 162 38 situation,
5562 3710 61 25 two
5641 3707 36 28 of
5693 3706 85 31 them

4698 3762 94 36 being
4806 3761 31 28 in
4857 3759 87 31 front
4959 3761 33 30 of
5008 3761 54 28 the
5077 3757 128 38 Gallery
5222 3754 63 30 and
5301 3753 54 30 the
5370 3751 93 30 other
5479 3756 61 25 two
5567 3751 214 38 immediately

4696 3806 131 30 behind.

4742 3850 142 30 Further
4910 3849 189 38 particulars
5113 3844 63 31 will
5203 3844 39 30 be
5257 3841 131 31 learned
5405 3850 41 20 on
5463 3841 191 39 application
5679 3844 33 25 to
5729 3839 52 30 Mr

4698 3893 107 30 James
4835 3893 145 36 Murray,
4994 3893 142 31 Deacon,
5154 3888 35 30 11
5214 3888 85 38 High
5315 3887 129 36 Street;
5469 3887 52 28 Mr
5537 3885 88 30 John
5655 3885 121 35 Millar,

4699 3937 200 35 Boxmaster,
4915 3935 38 30 21
4986 3937 88 39 High
5101 3935 132 35 Street;
5255 3943 36 19 or
5307 3935 33 27 to
5356 3931 88 30 John
5463 3932 183 36 Anderson,
5665 3929 118 39 writer,

4699 3981 146 35 Dundee,
4861 3981 98 30 Clerk
4978 3984 31 25 to
5027 3981 55 30 the
5101 3976 254 41 Incorporation.

4789 4025 146 33 Dundee,
4951 4022 82 30 29th
5049 4025 156 36 January,
5224 4022 96 28 1844.

4923 4102 200 38 NOTICE
5151 4102 71 38 TO
5247 4099 312 38 CREDITORS.

4701 4214 244 80 THOMAS
4970 4214 161 35 MUDIE,
5150 4216 266 30 Flaxdresser,
5430 4211 236 39 Chapelshade,
5690 4214 69 30 Dun-

4830 4261 69 33 dee,
4929 4261 117 38 having
5077 4260 154 30 executed
5263 4268 16 19 a
5309 4255 94 30 Trust
5431 4255 90 30 Deed
5548 4258 33 27 in
5614 4258 112 28 favour
5751 4258 35 30 of

4699 4304 112 30 Messrs
4830 4304 115 28 David
4964 4302 167 30 Pitcairn
5148 4304 63 28 and
5230 4301 165 28 William
5408 4299 165 36 Collier,
5592 4299 186 31 Merchants

4696 4350 31 28 in
4748 4348 143 33 Dundee,
4917 4346 43 30 all
4986 4356 132 28 persons
5143 4346 117 36 having
5285 4343 165 30 CLAIMS
5479 4346 121 35 against
5633 4345 55 28 the
5715 4346 65 27 said

4696 4392 150 33 Thomas
4866 4389 120 31 Mudie
5002 4400 54 20 are
5071 4391 167 39 requested
5255 4392 33 25 to
5306 4387 91 38 lodge
5414 4386 52 28 the
5483 4395 98 27 same,
5594 4387 77 30 with
5682 4389 91 28 oaths

4694 4436 35 28 of
4742 4436 99 38 verity
4857 4436 137 33 thereto,
5008 4444 41 20 on
5065 4444 36 20 or
5118 4435 106 30 before
5250 4430 165 36 Thursday
5441 4430 55 28 the
5524 4430 57 28 Bth
5611 4430 164 38 February

4694 4485 88 28 next,
4803 4480 76 30 with
4899 4480 52 28 Mr
4965 4479 109 31 James
5093 4479 80 35 Hill,
5187 4482 33 25 at
5236 4476 54 30 the
5307 4474 87 30 office
5411 4472 33 28 of
5460 4472 117 28 Messrs
5592 4472 41 28 D.
5652 4472 121 30 Martin

4693 4524 63 30 and
4773 4524 175 38 Company,
4964 4524 80 30 Bain
5061 4524 132 36 Square,
5211 4518 132 30 Dundee
5357 4539 9 13 ,
5391 4517 61 28 and
5471 4517 52 27 the
5534 4515 66 28 said
5620 4515 150 30 Trustees

4693 4569 117 35 hereby
4825 4570 145 28 intimate
4986 4567 69 30 that
5074 4567 74 36 they
5164 4565 61 28 will
5252 4561 169 31 thereafter
5446 4559 102 30 divide
5575 4559 55 30 the
5660 4559 109 28 Funds

4691 4611 172 39 belonging
4879 4617 31 24 to
4928 4611 55 30 the
4998 4611 68 30 said
5090 4611 96 28 Trust
5211 4606 123 33 Estate,
5359 4603 101 28 which
5477 4603 80 28 shall
5586 4602 77 28 then
5693 4602 79 28 have

4693 4657 77 28 been
4787 4655 145 31 realized,
4948 4663 115 28 among
5080 4654 88 28 those
5184 4650 161 30 Creditors
5364 4647 69 28 who
5449 4647 80 28 shall
5553 4646 80 28 have
5657 4646 115 38 lodged

4693 4699 129 36 Claims,
4839 4699 33 30 in
4890 4704 96 25 terms
5000 4696 35 30 of
5049 4696 54 30 the
5118 4696 96 28 above
5231 4691 195 39 requisition.

4739 4746 66 30 The
4822 4745 146 30 Trustees
4986 4740 121 30 farther
5121 4740 156 33 intimate,
5294 4735 69 30 that
5389 4746 41 19 an
5458 4735 135 30 Interim
5611 4734 159 31 Dividend

4694 4792 61 30 will
4773 4789 38 31 be
4825 4789 72 41 paid
4913 4792 33 25 at
4962 4787 55 30 the
5033 4786 88 30 office
5137 4784 33 30 of
5186 4784 118 30 Messrs
5323 4781 39 33 D.
5378 4781 121 33 Martin
5515 4781 65 31 and
5597 4781 178 43 Company,

4694 4849 39 20 on
4753 4838 115 39 Friday
4883 4835 54 31 the
4956 4833 79 31 16th
5050 4831 162 41 February
5236 4833 90 28 next.

4745 4954 27 31 A
4802 4953 135 31 number
4962 4951 35 30 of
5019 4948 211 33 HACKLES
5257 4946 65 33 and
5348 4946 239 33 HACKLING
5627 4943 150 35 HOUSE

4701 4998 157 31 FURNII
4871 4998 91 30 LKE
4978 4998 47 28 for
5041 4997 72 30 Sswe
5161 5006 65 19 utia
5246 5005 20 20 a

4702 5044 150 30 HOUSE
4868 5044 63 28 and
4959 5039 287 33 WAREHOUSE
5272 5044 31 25 to
5334 5039 39 30 be
5402 5039 58 28 Let
5487 5038 49 30 till
5565 5036 214 39 Whitsunday

4699 5088 77 31 first.

4923 5129 205 38 Application
5145 5132 33 24 to
5195 5129 38 27 be
5252 5129 90 27 made
5359 5131 33 25 to
5409 5126 52 30 Mr
5479 5124 80 31 Hill.

4787 5173 148 33 Dundee,
4951 5173 142 33 January
5112 5170 52 33 18,
5192 5170 96 25 1844.

5098 5209 88 36 (One
5208 5205 167 36 concern.)

4970 5291 282 39 AMERICAN
5277 5288 219 33 TIMBER.

5192 5389 213 30 Subscriber
5428 5384 63 30 will
5518 5384 57 28 sell
5602 5383 41 38 by
5663 5381 107 39 public
5795 5381 2 39 ;

5050 5417 20 49 I
5148 5444 91 28 roup,
5266 5433 31 28 in
5331 5430 140 30 Barrack
5504 5428 104 28 Street
5641 5427 129 28 Timber

5039 5480 102 33 Yard,
5167 5477 148 35 Dundee,
5331 5485 39 19 on
5400 5472 197 38 Wednesday
5613 5471 55 30 the
5694 5469 76 30 21st

5039 5526 161 36 February
5213 5526 88 30 next,
5310 5524 35 27 at
5356 5520 106 30 eleven
5474 5517 123 31 o'clock
5609 5517 162 35 forenoon,

5038 5570 57 30 the
5118 5570 102 28 entire
5247 5576 94 30 cargo
5365 5565 35 30 of
5425 5564 54 31 the
5501 5562 72 41 ship
5597 5562 176 38 Herojnb,

4696 5628 132 41 Captain
4849 5622 140 33 Walker,
5003 5617 80 30 from
5101 5611 362 39 Quebec,—consisting
5479 5609 33 30 of

4723 5683 117 38 IG,OOO
4857 5680 76 30 Feet
4953 5669 194 35 YELLOW
5175 5669 118 36 PINE,
5310 5677 132 31 average
5458 5666 61 31 size
5535 5663 65 44 20£
5617 5663 120 33 inches.

4743 5731 19 28 2
4778 5726 63 33 300
4885 5745 20 14 ~
4951 5718 88 31 RED
5065 5715 117 33 PINE,
5200 5715 88 41 large
5304 5715 87 31 sided
5405 5713 65 30 and
5485 5712 101 31 clean.

4746 5772 94 35 1.700
4888 5787 19 17 „
4956 5761 151 31 WHITE
5131 5761 106 38 OAK,
5252 5765 72 35 part
5340 5759 137 31 selected
5496 5757 47 30 for
5559 5756 156 31 keelsons.

4745 5820 19 30 3
4778 5817 63 30 000
4888 5835 20 16 ~
4953 5808 118 31 ROCK
5096 5806 107 35 ELM,
5219 5817 134 30 average
5369 5805 110 41 length
5498 5803 39 30 50
5556 5803 76 30 feet.

4780 5861 61 31 500
4888 5876 20 19 ,i
4956 5852 153 36 BIRCH,
5123 5852 85 36 large
5225 5854 102 35 sided,
5337 5852 77 39 high
5430 5850 162 35 coloured,
5603 5847 65 31 and
5680 5847 101 39 curly.

4781 5904 63 33 600
4891 5924 20 13 „
4957 5898 99 38 ASH,
5072 5907 132 31 average
5222 5898 66 31 side
5307 5896 39 31 16
5367 5896 118 30 inches.

4778 5950 65 31 500
4866 5943 172 33 SPRUCE
5063 5943 157 38 DEALS,
5238 5942 217 36 12X9X3,
5469 5940 65 30 and
5551 5937 41 33 12
5605 5937 31 31 X
5655 5935 17 33 7
5688 5937 30 30 X
5740 5937 28 31 3.

4742 5995 79 30 This
4835 6003 94 28 cargo
4948 6000 61 20 was
5025 5995 82 25 most
5123 5991 153 39 carefully
5290 5989 113 41 picked
5419 5989 41 39 by
5476 5987 137 38 Captain
5633 5984 146 36 Walker,

4702 6041 68 30 who
4786 6041 58 30 has
4868 6039 63 30 had
4948 6047 93 30 many
5065 6047 88 30 years
5169 6036 189 39 experience
5386 6035 31 30 in
5444 6033 55 31 the
5515 6031 132 31 Timber
5672 6030 109 33 Trade,

4701 6088 63 28 and
4789 6087 104 31 whose
4910 6085 142 41 superior
5068 6083 169 31 selections
5260 6093 52 20 arc
5329 6091 71 22 now
5419 6091 33 20 so
5471 6080 68 31 well
5556 6079 118 31 known
5688 6088 9 27 ;
5720 6077 63 30 and

4704 6134 61 28 will
4781 6134 39 30 be
4841 6132 98 30 found
4964 6140 41 22 on
5033 6132 176 38 inspection
5236 6135 31 25 to
5294 6129 38 30 be
5348 6137 61 22 one
5436 6128 35 30 of
5485 6128 52 30 the
5564 6128 69 28 best
5657 6132 129 31 cargoes

4701 6178 156 36 imported
4877 6178 74 28 here
4967 6176 60 28 last
5044 6184 121 20 season.

4748 6222 68 28 The
4831 6220 131 30 Timber
4978 6220 63 30 will
5058 6222 38 28 be
5112 6220 69 30 sold
5197 6220 39 38 by
5250 6219 101 39 string
5369 6227 142 22 measure
5523 6227 11 25 ;
5556 6214 63 30 and
5636 6214 102 30 credit
5753 6222 33 20 as

4701 6265 99 28 usual.

5452 6306 94 30 John
5564 6302 94 35 Low,
5671 6302 69 38 jun.

4789 6348 143 28 Barrack
4948 6348 107 28 Street
5072 6346 129 30 Timber
5219 6348 106 39 Yard,

4849 6391 150 33 Dundee,
5013 6389 143 38 January
5175 6389 57 36 24,
5252 6392 99 33 1844.

4756 6477 285 35 AMERICAN
5068 6477 231 39 YELLOW
5326 6485 112 35 AND
5468 6483 102 35 RED
5598 6480 126 38 PINE

4857 6534 220 43 TIMBER,
5104 6535 113 35 AND
5246 6540 180 38 BLACK
5452 6539 178 38 BIRCH.

4696 6624 46 30 To
4775 6625 38 28 be
4838 6624 79 31 sold,
4942 6625 39 36 by
5005 6624 107 36 public
5137 6635 94 31 roup,
5254 6633 33 28 in
5320 6635 55 30 the
5406 6630 213 35 Subscriber's
5652 6628 129 30 Timber

4740 6666 104 36 Yard,
4869 6668 128 33 Wards,
5016 6674 41 19 on
5082 6666 172 46 Thursday
5279 6677 55 30 the
5359 6677 49 31 Ist
5431 6680 170 33 February,
5625 6677 33 25 at
5674 6674 107 28 eleven

4740 6710 121 30 o'clock
4879 6712 167 35 forenoon,

5041 6765 35 54 A
5091 6762 123 36 BOUT
5236 6772 35 31 11
5279 6798 9 11 '
5291 6776 65 30 000
5370 6778 63 30 fect
5449 6772 194 38 YELLOW
5657 6770 126 36 PINE;

5137 6830 20 13 »
5252 6817 101 35 5,500
5389 6841 19 17 „
5450 6820 88 30 RED
5556 6816 131 36 PINE;

5254 6860 13 28 I'ooo1
5276 6883 9 13 '
5288 6863 65 30 000
5446 6863 146 30 BLACK
5611 6860 156 36 BIRCH;

5197 6909 36 19 e,r
5250 6902 129 39 Pacific,
5400 6917 90 20 from
5510 6907 153 36 Quebec.

5025 6935 109 31 About
5162 6939 90 35 9000
5280 6948 65 30 feet
5373 6951 194 30 YELLOW
5602 6948 117 33 PINE,
5746 6957 36 19 ex

5181 6986 131 43 Albion,
5328 6994 82 30 from
5430 6995 189 30 Miramichi.

4743 7028 68 27 The
4833 7027 96 28 above
4948 7025 126 28 Timber
5098 7025 24 28 is
5139 7028 35 25 of
5186 7036 146 31 superior
5356 7039 121 36 quality
5493 7039 65 27 and
5575 7039 88 38 large
5679 7039 87 27 scant-

4699 7072 65 38 ling
4778 7083 8 22 ;
4809 7071 90 28 those
4915 7069 31 30 in
4965 7074 83 24 want
5071 7069 33 30 of
5120 7069 99 30 Clean
5252 7076 123 33 Timber
5392 7083 49 27 for
5465 7082 150 38 finishing
5631 7090 153 31 purposes

4696 7117 115 30 should
4825 7115 79 28 avail
4921 7113 186 30 themselves
5123 7113 35 27 of
5170 7113 66 30 this
5250 7126 222 36 opportunity.

4743 7162 68 28 The
4838 7159 65 30 Red
4920 7157 77 30 Pine
5020 7156 25 28 is
5060 7156 35 30 of
5115 7156 76 39 long
5208 7159 140 39 lengths,
5373 7167 167 39 including
5564 7178 17 19 a
5600 7170 135 30 number
5751 7170 35 28 of

4701 7208 82 30 Mast
4802 7203 118 30 Pieces.

4743 7250 50 28 On
4827 7247 76 36 sale,
4932 7247 41 35 by
5003 7244 120 39 private
5161 7244 146 38 bargain,
5337 7247 44 30 20
5414 7252 88 28 loads
5545 7254 236 30 AMERICAN

4701 7290 110 39 WHII
4827 7291 25 30 E
4869 7291 106 35 OAK,
4989 7291 35 30 of
5036 7291 76 38 long
5128 7290 139 39 lengths,
5282 7293 66 28 and
5365 7302 71 27 very
5452 7296 104 28 clean.

4742 7337 71 28 The
4844 7337 186 30 Subscriber
5058 7337 27 28 is
5115 7337 31 28 in
5180 7334 83 39 daily
5291 7337 202 35 expectation
5521 7337 35 28 of
5580 7348 17 17 a
5625 7346 94 27 cargo
5748 7339 36 27 of

4701 7381 115 30 Memel
4833 7380 131 33 Timber
4980 7384 63 28 and
5060 7381 118 36 Deals;
5194 7380 63 30 also
5271 7387 17 20 a
5304 7378 87 39 large
5408 7378 88 28 stock
5513 7378 36 28 of
5564 7378 66 33 Dry
5643 7378 135 28 Battens

4699 7436 39 19 on
4756 7425 99 36 hand,
4871 7428 106 27 which
4995 7428 61 28 will
5076 7430 38 28 be
5129 7427 68 28 sold
5213 7435 41 20 on
5268 7422 159 30 moderate
5444 7424 109 25 terms.

5016 7472 118 30 James
5151 7472 110 35 Keay,
5279 7465 202 31 Auctioneer.

5397 7510 113 33 Alkx.
5524 7507 205 31 Bctchart.

4789 7556 148 36 Dundee,
4953 7559 145 43 January
5115 7562 55 36 24,
5189 7559 96 33 1844.

4893 7654 58 30 TO
4975 7657 57 30 BE
5057 7660 113 28 SOLD
5189 7660 60 31 BY
5271 7655 165 33 PUBLIC
5460 7655 132 36 ROUP,

4701 7713 123 33 Wldiin
4854 7717 54 31 the
4926 7718 88 31 office
5038 7723 36 28 of
5099 7723 118 31 Messrs
5246 7724 120 30 Barnes
5383 7721 162 35 Brothers,
5561 7715 224 41 ship-broker?,

4745 7762 178 38 Liverpool,
4939 7773 43 19 on
5000 7765 142 41 Monday
5161 7770 55 28 the
5236 7769 77 30 12th
5331 7767 58 36 day
5413 7765 33 28 of
5463 7765 162 35 February
5646 7767 90 28 next,
5751 7765 31 24 at

4743 7806 112 28 twelve
4871 7808 124 30 o'clock
5013 7819 85 22 noon
5123 7813 44 39 (if
5187 7817 57 25 not
5260 7809 175 43 previously
5454 7808 142 39 disposed
5613 7806 35 30 of
5666 7806 39 38 by
5721 7806 47 39 pri-

4745 7852 68 27 vate
4830 7850 162 43 bargain),

5033 7921 16 16 r
5055 7921 134 33 PHAT
5220 7917 198 33 well-known
5452 7915 142 38 superior
5619 7915 25 30 A
5668 7913 11 30 1
5709 7913 76 39 Brig

5049 7946 27 49 1
5143 7967 19 28 J
5170 7962 117 33 AMES
5474 7959 61 30 160
5548 7965 71 25 tons
5630 7959 132 39 register
5775 7967 9 25 ;

5055 8006 82 33 built
5169 8014 33 25 at
5235 8006 143 30 Dundee,
5405 8003 102 30 under
5534 8005 55 30 the
5613 8002 173 43 particular

5055 8050 176 41 inspection
5257 8050 33 30 of
5312 8047 128 38 Lloyd's
5463 8047 169 41 Surveyor,
5652 8047 63 30 and
5739 8046 47 28 for

5057 8098 55 28 the
5137 8107 54 20 use
5225 8096 31 30 o{
5287 8093 55 28 her
5370 8101 19 28 p
5392 8096 106 25 resent
5523 8102 123 20 ownerB
5649 8090 6 39 .
5710 8090 76 28 This

4704 8131 104 30 Vessel
4835 8132 25 28 is
4883 8132 33 30 in
4940 8135 154 35 first-rate
5121 8143 93 28 order
5260 8135 154 39 coppered
5430 8135 63 30 and
5510 8134 271 41 copper-fastened

4702 8176 118 28 —sails
4847 8176 72 38 fast,
4935 8183 65 28 and
5016 8186 118 30 carries
5150 8197 17 19 a
5192 8187 85 35 large
5291 8189 94 28 cargo
5400 8178 49 30 for
5466 8180 57 30 her
5540 8184 137 35 tonnage
5690 8189 11 28 ;
5723 8176 61 31 and

4702 8220 25 28 is
4753 8220 30 27 in
4805 8230 91 28 every
4915 8231 124 31 respect
5057 8230 71 28 well
5142 8225 137 41 adapted
5294 8225 47 27 for
5356 8224 128 38 general
5501 8233 162 28 purposes.

4748 8263 77 30 This
4857 8263 109 33 Vessel
4998 8274 161 38 presently
5186 8272 57 28 lies
5272 8269 31 27 in
5337 8266 112 36 King's
5477 8266 104 36 Dock,
5608 8265 175 39 Liverpool,

4704 8307 104 30 where
4825 8309 57 30 she
4910 8320 71 31 may
4997 8315 41 30 be
5063 8315 162 41 inspected
5255 8313 38 36 by
5309 8310 165 38 intending
5490 8310 187 38 purchasers
5690 8320 9 25 ;
5721 8309 63 28 and

4704 8353 120 28 farther
4839 8354 206 35 information
5063 8372 72 28 may
5145 8362 39 28 be
5200 8354 145 35 obtained
5362 8362 39 19 on
5414 8354 194 38 application
5622 8357 33 27 to
5668 8354 117 28 Messrs

4704 8395 121 30 Barnes
4850 8398 167 41 Brothers,
5041 8405 187 39 Liverpool;
5255 8405 30 24 to
5317 8398 113 27 Messrs
5458 8398 101 30 Shiell
5586 8398 63 27 and
5674 8395 112 35 Small,

4704 8441 132 36 writers,
4857 8441 159 43 Dundee;
5039 8458 36 19 or
5099 8454 33 25 to
5159 8447 49 30 Mr
5228 8441 135 31 William
5383 8439 110 36 Neish,
5509 8443 106 28 writer
5641 8441 101 36 there,
5743 8455 39 8 —

4706 8483 68 30 who
4792 8485 25 28 is
4833 8485 31 30 in
4883 8493 175 31 possession
5076 8493 35 28 of
5123 8493 52 28 the
5192 8487 123 31 articles
5331 8483 33 30 of
5378 8491 77 28 roup
5468 8485 65 28 and
5548 8485 192 30 inventories
5754 8483 33 30 of

4704 8532 110 25 stores.

5009 8608 102 33 FOR
5137 8598 153 41 SWAN
5315 8595 173 41 RIVER,

4707 8663 137 36 KING
4871 8669 254 35 GEORGE'S
5150 8661 184 41 SOUND,
5361 8657 110 35 AND
5496 8655 287 41 ADELAIDE,

4978 8728 50 31 To
5047 8728 82 30 Sail
5145 8731 71 24 the
5243 8720 58 31 Ist
5318 8724 41 22 of
5376 8713 143 35 March,

4915 8784 50 27 jr~
5041 8780 148 31 mllE
5205 8778 61 30 fine
5282 8775 58 28 fast
5356 8769 110 38 sailing
5483 8767 128 39 Barque

5060 8798 46 63 J.
5260 8811 304 39 UNICORN,

5175 8874 27 30 A
5224 8872 30 35 1,
5268 8866 63 33 375
5348 8869 69 25 tons
5433 8872 57 28 per
5507 8866 150 39 register,

5269 8921 35 28 L.
5323 8915 181 35 Mullens,
5520 8915 230 44 Commander,

4710 8980 104 41 Lying
4828 8983 31 28 in
4879 8984 55 30 the
4950 8986 38 31 St
5005 8989 202 30 Katharine's
5224 8980 102 35 Dock.
5372 8975 77 30 This
5468 8980 99 31 vessel
5584 8981 27 31 is
5635 8983 93 31 fitted
5751 8992 43 31 up

4712 9025 74 27 with
4805 9028 159 31 excellent
4981 9030 287 31 accommodations
5282 9025 47 30 for
5345 9020 55 30 the
5416 9022 137 33 comfort
5569 9028 65 30 and
5649 9030 129 31 conveni-

4710 9077 77 19 ence
4803 9069 36 28 of
4852 9072 93 30 cabin
4962 9077 63 28 and
5043 9082 140 33 steerage
5198 9074 191 39 passengers.

4757 9112 65 31 For
4839 9113 117 43 freight
4973 9129 36 20 or
5025 9131 142 28 passage,
5183 9117 91 39 apply
5293 9118 30 25 t0

5135 9164 117 30 Messrs
5272 9156 162 28 William
5452 9154 167 35 Felgatb
5636 9162 30 30 &
5683 9162 72 41 Co.,

5214 9203 38 31 15
5271 9200 129 30 Birchin
5417 9198 101 39 Lane,
5535 9203 162 44 Cornhill,

5373 9241 145 36 London.

4761 9299 206 35 N.B.—This
4997 9309 96 30 vessel
5120 9309 91 28 offers
5227 9313 19 22 a
5272 9302 82 28 most
5381 9298 159 35 desirable
5564 9306 181 43 advantage
5770 9313 31 27 to

4715 9353 197 30 passengers,
4929 9357 33 19 as
4978 9351 22 27 it
5019 9353 85 36 gives
5121 9353 83 28 them
5224 9348 54 30 the
5293 9343 206 38 opportunity
5510 9346 35 30 of
5561 9350 239 44 disembarking

4718 9398 39 22 an
4767 9389 14 30 1
4797 9389 132 41 making
4945 9394 83 31 tlie.r
5046 9398 150 30 selection
5213 9394 33 30 of
5261 9389 54 31 the
5331 9387 94 30 abo\e
5444 9387 90 33 three
5551 9400 101 31 ports.

4030 7154 150 36 BirtbU.

3605 7225 44 28 At
3665 7220 135 31 Norfolk
3814 7217 98 36 Villa,
3929 7216 35 30 St
3980 7214 135 33 Heliers,
4129 7211 118 36 Jersey,
4263 7217 41 19 on
4326 7208 52 28 the
4392 7205 72 31 loth
4490 7203 151 36 January,

3567 7265 52 28 the
3633 7263 69 36 lady
3715 7261 38 30 of
3762 7261 189 28 Lieutenant
3965 7254 135 31 Colonel
4126 7252 113 28 Fraser
4263 7250 36 27 of
4323 7247 227 31 Balmakewan,
4564 7244 36 28 of
4625 7250 19 20 a

3605 7343 44 27 At
3663 7340 140 31 Weston,
3828 7337 106 31 Cupar
3959 7334 79 33 Fife,
4063 7340 41 20 on
4129 7331 52 28 the
4205 7329 69 27 21st
4299 7329 131 31 instant,
4457 7324 50 28 the
4523 7323 71 27 ladv
4608 7321 36 27 of

3567 7378 126 33 Patrick
3710 7378 87 36 Rigg,
3814 7375 85 36 Esq.,
3913 7380 139 30 younger
4060 7370 38 28 of
4110 7365 170 31 Dowufield
4296 7365 60 28 and
4369 7362 120 35 Tarvit,
4499 7362 35 27 of
4546 7370 17 17 a
4576 7369 65 24 son,

3605 7460 44 28 At
3666 7457 107 35 Rome,
3787 7463 41 20 on
3844 7452 52 28 the
3910 7450 54 30 Bth
3980 7450 139 33 current,
4132 7446 54 28 the
4205 7444 72 38 lady
4293 7443 35 30 of
4348 7439 118 31 Robert
4482 7436 159 33 Meiklam,

3572 7498 85 38 Esq.,
3671 7496 36 31 of
3718 7504 19 22 a
3751 7496 161 39 daughter.

3991 7528 243 43 flflarrtagrsf.

3605 7594 46 27 At
3666 7592 173 36 Montrose,
3855 7600 38 20 on
3910 7589 52 30 the
3978 7587 72 28 17tli
4068 7586 128 31 instant,
4211 7581 38 36 by
4265 7580 50 27 the
4334 7576 74 28 Rev.
4436 7573 109 55 Henry'

3565 7630 65 36 lop,
3649 7630 52 30 Mr
3718 7631 93 30 Peter
3836 7633 87 30 llov,.
3932 7630 195 35 shipmaster,
4153 7627 33 24 to
4203 7620 175 30 Catherine,
4392 7613 83 28 sixth
4490 7609 126 35 daujm

3564 7669 36 28 of
3614 7669 54 28 the
3683 7671 61 28 late
3762 7672 52 27 Mr
3830 7672 118 27 Robert
3964 7666 148 35 Morrice,
4128 7663 173 33 innkeeper,
4315 7658 211 27 Johnshaven.

3605 7710 47 27 At
3668 7709 142 35 Kiukell,
3825 7710 157 31 Fourdon,
3997 7715 41 20 on
4049 7706 52 28 the
4118 7702 71 30 16th
4205 7702 128 27 instant,
4345 7696 38 35 by
4395 7693 44 28 Mi
4458 7713 8 5 -
4515 7693 5 50 i
4543 7693 6 50 .

3564 7750 192 35 gregational
3772 7750 157 33 Minister,
3942 7746 54 28 Mr
4006 7746 36 27 D.
4057 7743 106 33 Black,
4173 7740 117 36 wriglit,
4302 7732 200 33 Auehinblae,
4515 7732 31 24 to
4559 7731 49 24 An
4633 7743 8 14 ,

3565 7787 112 28 second
3690 7787 154 38 daughter
3858 7787 35 30 of
3906 7786 52 30 Mr
3972 7784 107 35 Allan,
4096 7781 126 35 farmer,
4238 7776 137 30 Kinkell.

4038 7830 172 36 53ratt)J».

3605 7891 44 28 At
3665 7893 52 28 the
3731 7893 112 31 Manse
3855 7891 36 31 of
3906 7888 180 33 Peterhead,
4099 7894 41 20 on
4156 7885 50 28 the
4222 7882 71 28 15th
4310 7880 80 31 inst.,
4405 7874 52 30 the

3565 7928 135 39 Donald,
3718 7934 94 36 A.M.,
3828 7935 65 27 who
3907 7931 50 28 for
3972 7937 19 19 a
4005 7929 76 35 long
4094 7924 93 28 series
4202 7923 36 27 of
4249 7928 85 28 years
4348 7918 52 27 has
4414 7912 94 30 faithf

3564 7969 134 38 charged
3723 7973 52 27 the
3798 7973 101 28 duties
3913 7970 36 28 of
3964 7972 109 33 pastor
4087 7965 36 28 of
4134 7964 61 28 this
4211 7962 85 33 large
4317 7965 82 30 pans
4413 7965 17 16 1.
4518 7995 16 3 _
4635 7998 9 3 _

3565 8006 27 27 is
3608 8009 93 28 much
3726 8011 58 28 felt
3797 8013 60 27 and
3874 8006 150 35 sincerely
4041 8002 153 39 regretted
4216 8000 38 35 by
4539 7994 19 27 &

3567 8046 79 36 tion,
3660 8047 31 28 in
3710 8050 99 28 whose
3824 8047 164 31 memories
3997 8046 38 27 he
4044 8044 60 27 will
4118 8043 35 27 be
4167 8041 74 33 long
4249 8033 118 33 cherish
4613 8058 35 28 ©f

3565 8088 49 25 est
3628 8085 255 33 affection.—He
3896 8085 68 30 died
3981 8085 31 28 in
4028 8083 52 27 the
4093 8080 60 30 G3d
4169 8088 71 27 year
4254 8076 35 28 of
4301 8076 47 27 his
4367 8077 63 30 age,
4450 8085 8 9 >

3608 8135 205 60 At'.Shambel
3817 8167 43 36 Iv,
3871 8175 41 20 on
3929 8164 52 28 the
3994 8159 74 31 19th
4083 8161 131 27 instant,
4228 8151 142 31 William
4386 8143 128 33 Stewart
4531 8135 118 39 Esq.of

4258 8239 39 19 on
4326 8228 50 27 the
4402 8222 72 30 13th
4510 8217 135 31 current,

3570 8276 137 33 Richard
3726 8282 145 36 Howard,
3888 8280 72 36 Esq.
3976 8279 36 28 of
4025 8277 175 33 Ilolloway,
4214 8274 31 27 in
4261 8271 47 28 liw
4321 8265 74 31 7fith
4408 8268 82 31 JW*.

3609 8318 47 28 At
3669 8320 208 35 Glenarback,
3893 8329 41 19 on
3950 8318 54 28 the
4011 8317 76 30 25th
4096 8324 17 19 c
4115 8324 19 19 ®
4139 8321 72 22 rreu
4213 8315 22 31 t,
4244 8310 52 30 the
4312 8306 74 30 Rev.

3570 8354 88 36 D.D.,
3674 8361 104 27 senior
3794 8362 143 27 minister
3951 8359 35 27 of
4000 8357 52 27 the
4066 8353 115 30 United
4195 8351 161 28 Associate
4441 8364 16 13 „
4471 8359 178 41 literature

3572 8394 197 39 Wellington
3795 8400 113 31 Street,
3923 8398 60 27 and
4000 8397 63 25 late
4079 8392 164 28 Professor
4266 8387 35 27 of
4320 8380 132 33 Bibhcal
4469 8375 180 31 Literatnre

3570 8436 33 25 to
3619 8433 52 30 the
3687 8436 102 36 Synod
3805 8439 36 27 of
3852 8439 52 27 the
3918 8435 115 30 United
4050 8430 157 31 Secession
4224 8424 132 35 Church,
4370 8430 31 19 in
4417 8417 50 28 the
4485 8414 69 30 /6th
4575 8417 55 28 yea

3570 8471 35 28 of
3619 8472 47 28 his
3680 8483 65 27 age,
3759 8477 61 27 and
3835 8477 69 28 51st
3917 8474 36 30 of
3962 8474 46 28 his
4022 8472 156 31 ministry.
