7093 9649
1209 165 2093 537 Dundee
3650 165 2789 537 Courier.

2920 762 140 35 NULL
3071 762 79 35 lUS
3178 765 28 31 A
3219 765 235 38 DDICTUS
3476 767 214 36 JURARE
3718 765 57 35 IN
3800 764 178 36 VERBA
4008 770 39 33 M
4057 772 159 35 AGIST

2992 888 454 68 TUESDAY
3457 942 16 24 ,
3523 894 321 61 January
4074 899 194 60 1844.

268 893 129 65 No.
446 896 195 66 1430.

6413 921 208 65 Price
6658 935 148 52 4-7<i.

498 1087 205 47 Political
726 1087 205 47 Extracts.

428 1200 117 30 (From
561 1202 47 30 the
624 1203 170 28 Perthshire
811 1202 159 39 Courier.)

203 1252 76 36 The
307 1254 176 35 exertions
513 1257 46 33 of
583 1257 61 33 the
676 1257 143 44 League
852 1255 217 46 Deputation
1098 1255 68 35 and
1194 1255 44 36 its

153 1299 145 41 friends,
324 1301 31 33 in
386 1313 126 22 course
543 1304 43 33 of
598 1304 60 33 the
688 1310 142 38 present
849 1312 82 25 tour
950 1304 43 33 of
1003 1304 169 44 agitation
1200 1304 36 33 in

153 1348 181 41 Scotland,
353 1348 88 35 have
466 1357 35 25 at
523 1350 63 35 last
616 1353 126 33 roused
762 1353 61 33 the
839 1351 220 44 agricultural
1079 1359 101 38 party
1198 1359 36 27 to

151 1408 20 20 a
192 1408 101 22 sense
323 1395 43 35 of
376 1397 61 33 the
468 1398 173 44 necessity
668 1398 43 35 of
721 1400 274 44 corresponding
1019 1400 134 33 efforts.
1203 1400 31 33 A

153 1443 93 44 large
265 1443 113 44 public
397 1444 151 46 meeting
573 1446 36 35 of
625 1446 60 35 the
704 1447 217 33 landowners
946 1447 68 33 and
1033 1447 142 33 farmers
1202 1446 33 35 in

151 1490 90 33 East
261 1490 150 35 Lothian
446 1504 71 20 was
545 1493 79 33 held
643 1499 36 28 at
707 1493 228 46 Haddington
954 1494 68 33 last
1036 1493 109 43 week,
1164 1493 69 35 and

150 1537 214 35 resolutions
394 1539 124 46 passed
550 1540 83 33 with
663 1540 60 35 the
754 1540 85 36 view
872 1540 43 36 of
937 1540 224 44 establishing
1191 1553 43 22 an

150 1584 225 35 Association
405 1586 36 33 in
460 1586 60 33 the
550 1586 135 36 district
717 1587 33 35 in
770 1595 150 38 support
945 1587 43 35 of
1000 1587 60 36 the
1085 1587 150 46 existing

150 1631 85 36 laws
252 1633 44 44 by
315 1633 110 33 which
447 1633 113 36 native
572 1635 208 46 agriculture
797 1636 28 33 is
844 1636 197 44 protected.
1088 1636 74 33 We
1175 1636 41 35 be-

150 1680 91 33 lieve
260 1680 76 33 that
354 1680 68 33 had
443 1682 61 33 the
529 1682 162 44 question
710 1682 43 35 of
775 1682 198 47 protection
992 1685 87 33 been
1098 1682 74 41 left,
1197 1694 39 24 as

153 1728 167 39 hitherto,
339 1734 38 28 to
392 1729 41 33 be
452 1729 178 35 discussed
660 1742 36 22 as
726 1742 69 24 one
813 1732 44 43 of
866 1734 126 43 degree,
1008 1731 63 35 the
1087 1729 131 46 agricul-

148 1773 91 35 tural
271 1781 99 38 party
402 1776 118 33 would
550 1776 87 35 have
668 1778 178 35 remained
876 1778 195 46 quiescent,
1099 1776 135 46 leaving

146 1822 80 33 that
244 1820 98 46 point
359 1828 38 27 to
416 1824 43 31 be
476 1824 131 35 settled
625 1827 44 43 by
687 1825 61 35 the
765 1825 231 46 Legislature,
1014 1827 115 33 where
1148 1825 82 44 only

145 1869 63 33 the
224 1869 195 44 respective
443 1869 120 35 claims
592 1872 44 33 of
649 1872 82 35 both
759 1874 175 43 producer
953 1871 69 36 and
1044 1885 189 22 consumer

145 1915 104 36 could
276 1918 43 31 be
350 1917 85 46 fully
465 1920 225 44 represented
709 1920 69 35 and
805 1920 340 35 considered.—But
1170 1920 61 35 the

146 1964 139 43 ground
304 1964 110 33 which
443 1965 61 35 the
523 1967 139 41 League
691 1967 87 35 have
795 1967 106 35 taken
921 1980 46 33 up
984 1967 28 33 is
1035 1980 66 22 one
1118 1967 110 35 which

145 2009 129 35 admits
291 2009 41 35 of
356 2022 46 24 no
430 2014 255 43 compromise;
712 2014 68 36 and
808 2016 61 35 the
896 2014 175 47 question,
1096 2027 36 24 as
1151 2027 79 24 now

146 2058 183 33 discussed
351 2063 43 39 by
413 2060 58 35 the
491 2060 216 46 Deputation
739 2063 88 33 from
858 2063 79 33 that
961 2063 106 43 body,
1082 2063 30 33 is
1129 2063 102 33 made

145 2113 41 25 to
205 2113 71 27 rest
293 2106 148 44 entirely
460 2120 93 31 upon
573 2109 61 35 the
663 2110 109 33 broad
791 2110 169 44 principle
975 2110 44 33 of
1030 2110 71 33 free
1120 2110 112 41 trade,

150 2151 110 36 which
290 2153 82 46 they
392 2153 162 36 maintain
589 2162 36 30 to
644 2157 43 33 be
704 2169 38 24 as
767 2156 192 47 applicable
976 2162 38 30 to
1031 2169 85 24 corn
1135 2169 38 24 as
1192 2164 38 28 to

148 2211 69 33 any
246 2200 104 33 other
378 2203 227 44 commodity.
655 2205 85 33 This
772 2205 157 46 position
961 2205 41 35 of
1014 2206 60 33 the
1093 2206 137 44 League

150 2247 63 35 has
244 2247 63 35 the
323 2247 195 46 advantage
548 2252 44 33 of
617 2250 101 46 being
734 2252 172 44 perfectly
931 2252 213 44 intelligible,
1161 2252 69 35 and

150 2293 91 35 frees
271 2293 60 36 the
350 2294 191 38 discussion
570 2296 90 38 from
690 2310 104 35 many
819 2298 197 36 difficulties
1033 2299 197 35 connected

151 2342 80 35 with
252 2342 60 31 the
329 2343 227 35 subordinate
583 2346 129 43 points,
728 2348 38 33 of
780 2348 227 44 dependance
1033 2359 46 22 on
1098 2346 132 43 foreign

156 2387 191 41 countries,
375 2389 142 36 relative
545 2392 153 36 burdens
724 2395 43 33 of
791 2394 61 35 the
879 2395 106 35 home
1013 2394 69 35 and
1098 2394 132 43 foreign

150 2447 165 33 growers,
345 2447 112 35 wages
487 2439 69 33 and
586 2439 94 46 price
710 2441 41 35 of
772 2441 132 43 labour,
932 2439 71 38 &c.
1065 2441 87 35 Like
1181 2441 50 33 Dr

150 2483 117 35 Last's
283 2494 83 24 cure
384 2485 54 33 for
455 2485 61 33 the
540 2488 205 41 toothache,
772 2491 44 41 by
833 2490 131 44 pulling
983 2490 27 33 it
1027 2496 65 27 out
1109 2491 44 43 by
1170 2488 61 35 the

150 2537 112 36 roots,
279 2531 60 35 the
356 2532 173 44 League's
554 2535 143 46 remedy
715 2537 27 35 is
770 2537 74 35 also
863 2550 19 22 a
898 2537 128 36 radical
1043 2548 66 22 one
1123 2548 13 30 ;
1161 2535 68 35 and

150 2580 126 43 rejoo's
296 2578 60 33 the
556 2592 22 22 c
583 2583 17 35 f
609 2595 20 22 a
644 2584 98 35 frxcd
759 2584 101 46 duty,
879 2584 161 35 however
1049 2584 118 43 «mall,
1192 2595 36 22 as

148 2624 183 46 decidedly
348 2638 38 22 as
400 2627 60 33 the
476 2628 124 44 sliding
617 2630 197 35 scale.—ln
830 2643 41 22 so
883 2631 120 43 doing,
1014 2631 27 31 it
1055 2644 47 20 no
1117 2630 110 35 doubt

148 2671 88 36 adds
261 2671 132 46 greatly
411 2680 39 27 to
476 2674 44 36 its
537 2682 213 39 opponents,
776 2677 85 36 both
880 2677 35 36 in
934 2679 60 35 the
1013 2677 216 46 Legislature

148 2718 68 35 and
247 2720 216 46 throughout
493 2721 61 35 the
583 2732 169 36 country;
778 2726 61 33 but
869 2726 28 35 it
926 2726 28 33 is
978 2726 189 44 supposed,
1192 2724 33 35 in

148 2767 71 33 this
235 2767 129 44 policy,
392 2769 134 46 merely
545 2778 38 25 to
613 2772 43 35 be
671 2772 115 46 acting
803 2773 33 33 in
863 2773 208 44 conformity
1098 2773 80 33 with
1206 2784 20 22 a

146 2825 162 22 common
331 2816 219 35 commercial
569 2828 117 35 usage,
704 2819 43 36 of
756 2819 123 46 asking
894 2833 19 22 a
931 2819 79 47 high
1030 2819 93 46 price
1139 2819 83 44 only

145 2868 39 27 to
203 2860 57 33 fall
290 2861 85 35 back
394 2874 96 33 upon
518 2874 69 24 one
605 2877 98 24 more
731 2868 326 35 attainable.—The
1074 2868 150 44 meeting

145 2909 43 33 of
202 2907 209 36 Parliament
428 2910 68 33 will
512 2923 88 22 soon
619 2913 110 35 afford
743 2926 43 22 an
800 2915 231 46 opportunity
1044 2915 43 35 of
1099 2915 124 41 having

145 2954 63 35 the
224 2954 162 46 question
405 2956 96 46 again
529 2957 180 38 discussed
726 2962 33 33 in
778 2962 46 35 its
841 2975 77 22 new
935 2969 139 39 aspect;
1101 2964 63 33 but
1189 2962 33 33 in

145 3003 63 35 the
238 3003 187 36 meantime
444 3017 52 22 we
524 3006 112 35 would
666 3009 131 44 merely
822 3009 123 35 advert
961 3016 39 28 to
1024 3022 69 22 one
1109 3008 44 35 of
1164 3008 60 35 the

145 3050 230 35 illustrations
392 3052 87 35 used
494 3054 44 43 by
556 3055 55 33 Mr
624 3055 146 36 Cobden
789 3057 83 35 here
890 3058 118 44 lately,
1024 3058 33 33 in
1076 3060 146 39 support

145 3096 41 35 of
208 3096 52 36 his
288 3098 161 36 doctrine
476 3099 88 44 that,
592 3113 87 24 even
709 3104 35 33 in
770 3104 220 44 agricultural
1009 3104 165 46 produce,
1202 3112 20 22 a

145 3145 101 33 trade
263 3156 164 35 prospers
444 3148 113 33 better
575 3148 150 38 without
742 3153 200 44 protection
953 3153 85 33 than
1054 3151 80 33 with
1148 3148 74 35 it—

145 3192 68 33 and
235 3192 87 41 that,
339 3194 35 33 in
392 3194 61 35 the
471 3195 120 35 article
608 3198 41 33 of
658 3197 80 36 flax.

197 3239 121 35 Those
345 3249 142 36 present
517 3255 46 22 on
583 3244 77 33 that
685 3246 164 35 occasion
879 3246 66 35 will
964 3244 162 36 recollect
1145 3239 77 35 that

148 3285 76 35 that
241 3288 197 41 gentleman
457 3290 153 35 referred
628 3298 39 28 to
687 3293 60 33 the
764 3293 257 41 inconsistency
1038 3290 43 33 of
1090 3301 20 22 a
1128 3288 71 33 Nor-

148 3332 72 35 folk
241 3334 213 44 landowner,
468 3337 90 41 who,
570 3340 172 44 opposing
756 3340 52 33 his
824 3342 76 43 (Mr
912 3337 194 44 Cobden's)
1118 3334 104 33 views

146 3392 39 22 as
216 3389 36 25 to
271 3381 71 35 free
370 3384 227 44 competition
625 3386 33 33 in
687 3398 99 30 corn,
817 3398 69 20 was
904 3392 35 27 at
957 3384 60 33 the
1041 3381 181 36 sametime

146 3428 227 44 establishing
400 3441 44 24 an
465 3433 222 36 Association
715 3435 52 33 for
786 3433 60 35 the
874 3436 293 38 encouragement
1186 3430 41 35 of

146 3476 61 35 the
236 3477 135 43 growth
402 3477 43 35 of
466 3479 79 41 flax,
575 3491 93 35 upon
701 3480 112 33 which
844 3477 44 35 all
907 3477 128 38 import
1052 3477 87 46 duty
1157 3479 63 35 has

146 3523 87 35 been
252 3523 189 44 abolished,
458 3528 68 31 and
542 3534 61 36 yet
620 3529 60 31 the
698 3526 135 33 culture
852 3524 41 33 of
907 3524 109 35 which
1035 3537 71 24 was
1123 3537 98 25 more

145 3570 186 44 profitable
348 3572 82 33 than
455 3573 77 31 that
550 3573 43 31 of
605 3573 123 33 wheat.
778 3573 77 33 The
874 3573 153 44 meeting
1041 3573 43 35 of
1096 3586 123 25 course

145 3617 134 43 greatly
307 3617 148 33 cheered
485 3617 61 35 the
573 3625 134 36 orator,
734 3619 69 36 and
835 3619 52 36 his
915 3620 224 46 illustration,
1167 3636 54 22 we

145 3665 88 35 have
250 3674 124 25 reason
394 3669 39 30 to
449 3663 117 44 know,
584 3666 87 36 sank
690 3668 126 49 deeply
831 3669 76 35 into
926 3669 61 35 the
1005 3671 113 35 minds
1131 3683 87 24 even

143 3713 43 31 of
208 3723 98 24 some
334 3720 142 39 present
504 3715 254 39 unfavourable
786 3726 38 27 to
855 3718 52 35 his
934 3720 137 44 general
1104 3721 117 33 views.

279 3772 50 24 we
359 3761 33 35 in
413 3762 66 35 this
507 3772 131 38 county
668 3765 88 35 have
786 3765 66 35 had
885 3778 99 22 some
1013 3767 206 44 experience

142 3806 87 35 both
247 3806 33 35 in
299 3808 68 33 this
386 3809 99 35 trade
498 3811 69 33 and
584 3811 35 36 in
636 3813 46 35 its
699 3814 104 35 home
820 3814 157 41 culture;
1005 3814 68 35 and
1091 3827 20 22 a
1129 3816 90 35 little

140 3854 137 46 inquiry
307 3855 76 36 into
402 3857 61 35 the
490 3858 274 38 circumstances
792 3861 153 44 peculiar
975 3869 36 27 to
1030 3861 82 35 both
1140 3874 79 35 may

140 3901 79 35 lead
238 3913 50 30 us,
307 3904 159 46 perhaps,
482 3910 38 30 to
537 3918 22 22 a
575 3907 161 36 different
761 3909 203 36 conclusion
983 3907 85 38 than
1088 3912 76 33 that
1181 3918 36 27 at

142 3948 112 36 which
274 3951 58 33 Mr
350 3951 146 35 Cobden
513 3954 146 35 arrived.

186 3997 85 33 Flax
287 3998 87 35 used
392 4006 36 27 to
447 4000 43 35 be
502 4003 216 44 extensively
731 4003 189 33 circulated
934 4003 33 33 in
983 4002 69 33 this
1065 4006 151 38 country

140 4044 164 44 previous
323 4052 36 28 to
389 4047 61 33 the
466 4055 142 36 present
635 4058 157 33 century,
809 4050 66 31 and
896 4060 69 20 was
983 4047 209 44 unquestion-

140 4091 82 43 ably
239 4093 241 44 considerably
496 4096 197 41 protected.
740 4098 50 31 Its
808 4096 137 33 culture
961 4093 176 44 gradually
1156 4091 58 35 fell

139 4139 57 35 off
203 4140 109 33 about
329 4140 90 44 forty
435 4151 101 33 years
564 4153 80 31 ago,
674 4148 63 27 not
765 4140 88 33 from
874 4140 60 33 the
959 4151 123 22 reason
1101 4139 113 35 which

142 4186 60 33 Mr
235 4187 146 35 Cobden
416 4186 170 44 assigned,
619 4189 60 31 but
712 4187 123 44 simply
868 4187 150 33 because
1052 4186 60 35 the
1145 4197 68 22 war

139 4233 113 44 prices
271 4235 41 33 of
324 4235 115 35 wheat
455 4233 69 36 had
548 4233 98 47 fairly
663 4233 211 38 established
893 4233 208 36 themselves
1115 4247 8 30 ;
1148 4235 68 35 and

139 4280 69 33 flax
238 4282 99 44 being
367 4282 175 47 generally
567 4282 208 38 considered
800 4296 38 24 as
868 4296 19 22 a
918 4294 148 33 scourge
1094 4282 43 36 of
1156 4282 60 36 the

139 4326 94 41 land,
250 4329 99 35 there
370 4342 68 24 was
455 4343 20 22 a
493 4332 129 35 double
650 4332 131 35 motive
798 4340 38 27 to
855 4334 60 33 the
932 4332 228 36 substitution
1180 4332 43 35 of

139 4373 63 35 the
219 4375 139 36 former.
406 4378 143 43 Indeed,
578 4380 33 35 in
643 4389 93 27 most
767 4381 112 35 leases
896 4383 110 33 about
1024 4381 77 35 that
1118 4381 98 41 time,

139 4422 63 38 the
219 4428 140 30 tenants
378 4436 90 24 were
483 4428 180 44 expressly
688 4428 183 35 restricted
888 4428 88 35 from
995 4428 129 46 sowing
1148 4428 68 35 flax

139 4469 96 35 seed.
285 4471 93 33 Now
397 4472 93 35 what
509 4485 69 22 was
605 4476 61 35 the
685 4477 109 33 result
811 4477 43 33 of
865 4477 68 35 this
946 4480 14 30 ?
1011 4479 50 33 As
1079 4477 140 44 regards

140 4518 61 33 the
220 4518 183 46 foreigner,
435 4521 44 33 he
509 4521 126 46 having
665 4523 60 36 the
754 4524 176 35 exclusive
950 4526 124 44 supply
1099 4524 41 35 of
1159 4524 60 33 the

139 4565 106 33 home
263 4567 148 41 market,
439 4569 110 35 raised
572 4570 50 33 his
652 4572 98 43 price
767 4572 235 46 accordingly,
1019 4573 68 33 and
1107 4573 109 33 hence

137 4611 61 36 the
213 4613 79 46 high
309 4620 72 27 rate
397 4616 110 35 which
521 4617 76 33 that
611 4617 120 35 article
746 4619 61 33 has
819 4619 187 46 uniformly
1020 4619 80 35 held
1117 4630 102 33 many

137 4671 115 33 years,
272 4660 175 36 whatever
468 4674 68 25 was
553 4663 60 36 the
631 4674 123 25 nature
772 4666 41 35 of
827 4666 60 36 the
902 4677 83 36 crop
1005 4679 46 24 on
1063 4666 60 36 the
1134 4677 65 24 con-

139 4707 126 35 tinent.
323 4710 49 33 At
400 4710 117 41 home,
545 4712 60 35 the
635 4713 126 35 farmer
792 4726 69 22 was
890 4715 115 33 either
1028 4713 191 47 prevented

139 4756 88 33 from
246 4754 126 46 raising
398 4767 68 31 any
485 4759 44 43 by
545 4759 60 33 the
636 4773 142 31 express
805 4769 107 27 terms
929 4762 43 33 of
984 4762 52 35 his
1055 4762 104 41 lease,
1178 4772 41 24 or

139 4803 162 33 confined
320 4809 38 27 to
375 4797 85 41 such
479 4806 161 43 quantity
657 4819 38 20 as
723 4808 109 41 might
860 4811 41 31 be
920 4809 159 43 required
1098 4808 50 35 for
1164 4808 55 35 his

139 4861 80 22 own
230 4850 170 35 domestic
413 4850 257 35 use.—Where
687 4865 47 20 no
753 4855 87 31 such
858 4855 195 35 restriction
1072 4855 148 41 existed,

135 4896 61 36 the
227 4898 137 33 culture
394 4898 126 44 having
550 4898 54 35 for
633 4910 99 22 some
753 4902 82 30 time
852 4902 87 31 been
961 4902 258 41 discontinued,

135 4945 102 33 there
257 4956 66 22 was
342 4945 151 44 wanting
512 4945 60 35 the
592 4957 183 35 necessary
789 4948 254 44 acquaintance
1061 4948 80 35 with
1157 4950 61 35 the

134 5003 145 33 process
309 4992 44 33 of
364 4992 186 46 preparing
580 4992 60 36 the
657 5006 96 35 crop.
802 4995 101 44 Now,
923 4995 173 44 however,
1115 4995 101 38 when

137 5039 112 44 prices
279 5039 41 35 of
331 5041 94 43 grain
457 5054 93 24 seem
581 5043 102 46 likely
712 5054 38 25 to
770 5044 41 35 be
830 5046 244 46 permanently
1102 5047 98 33 estab-

134 5085 112 35 lished
266 5098 94 31 upon
381 5088 60 35 the
460 5088 66 35 low
545 5091 93 31 scale
663 5093 260 43 contemplated
950 5101 35 25 at
1003 5093 60 33 the
1082 5093 139 44 passing

137 5132 44 35 of
194 5134 60 33 the
272 5134 63 33 last
367 5134 94 36 Corn
493 5137 94 43 Law,
605 5137 61 35 the
696 5139 79 46 high
795 5140 101 33 value
926 5140 109 35 which
1054 5140 66 35 flax
1139 5154 79 22 now

139 5183 99 31 bears
268 5181 143 36 renders
441 5183 27 35 it
485 5195 19 22 a
532 5184 170 36 desirable
732 5198 83 31 crop
849 5195 36 27 to
904 5187 60 35 the
983 5187 148 41 farmer;
1157 5191 61 31 but

135 5228 159 35 whether
310 5230 27 33 it
356 5230 112 35 would
501 5233 167 35 continue
698 5244 52 31 so,
769 5235 91 33 after
879 5235 60 35 the
956 5235 135 35 market
1109 5236 109 44 began

139 5282 38 28 to
205 5277 43 33 be
276 5277 161 44 supplied
465 5279 33 33 in
531 5287 77 38 part
638 5282 41 43 by
709 5282 104 33 home
844 5282 165 44 produce,
1035 5282 30 33 is
1091 5294 20 22 a
1137 5294 82 33 very

137 5323 161 36 different
326 5326 175 44 question.
562 5328 76 35 Our
668 5329 140 33 readers
844 5329 77 41 will,
953 5329 173 41 however,
1161 5343 60 20 see

139 5370 77 35 that
235 5372 69 38 this
334 5373 93 44 plain
446 5380 192 28 statement
655 5376 41 31 of
718 5376 101 41 facts,
836 5376 197 35 connected
1052 5376 80 35 with
1151 5378 69 33 this

139 5417 135 41 article,
293 5420 41 44 by
353 5431 46 20 no
416 5431 120 24 means
564 5422 99 35 bears
680 5430 63 27 out
764 5424 58 35 the
841 5422 165 47 principle
1024 5424 112 36 which
1164 5425 57 35 Mr

139 5466 181 35 Cobden's
337 5466 178 36 reference
534 5474 36 28 to
589 5469 25 35 it
628 5482 65 22 was
712 5471 167 36 intended
898 5479 36 28 to
953 5471 176 36 establish.
1162 5474 39 33 In-

139 5513 104 41 deed,
257 5513 61 35 the
337 5526 80 33 very
435 5515 162 46 opposite
616 5518 203 35 conclusion
839 5520 128 41 would,
986 5521 44 43 by
1047 5532 115 33 many,
1178 5523 44 31 be

142 5559 137 36 arrived
298 5569 47 35 at,
348 5562 112 35 —and
479 5564 169 47 precisely
666 5565 31 35 in
718 5578 85 22 corn
822 5578 38 22 as
876 5567 33 33 in
929 5567 80 41 flax,
1022 5567 74 46 just
1113 5580 36 22 as
1170 5580 52 22 we

142 5619 197 33 encourage
370 5609 60 35 the
446 5609 173 44 foreigner
649 5625 49 22 we
715 5614 205 44 discourage
937 5625 66 24 our
1020 5627 77 22 own
1120 5614 87 36 culti-

145 5660 128 30 vators.
329 5657 63 35 We
408 5669 63 22 can
493 5658 135 35 neither
646 5666 58 30 eat
721 5672 98 24 more
836 5661 118 43 bread,
972 5672 65 24 nor
1054 5674 169 22 consume

142 5715 98 22 more
257 5704 80 43 fl.ix,
364 5704 82 35 than
477 5717 52 24 we
556 5707 88 33 have
671 5709 142 33 mouths
843 5718 36 25 to
907 5717 60 27 eat
994 5721 41 22 or
1063 5709 88 35 mills
1183 5718 38 25 to

142 5751 96 33 work
258 5762 65 33 up;
351 5751 69 35 and
438 5753 178 35 whatever
641 5754 30 33 is
701 5756 104 33 taken
835 5756 87 33 from
942 5756 191 46 foreigners
1150 5756 54 36 dis-

140 5797 117 44 places
276 5811 43 20 an
337 5800 101 44 equal
457 5808 146 28 amount
619 5813 118 33 grown
756 5809 35 28 at
808 5803 118 44 home,
945 5803 82 36 with
1057 5805 165 46 reducing

139 5844 63 36 the
219 5844 93 47 price
329 5858 69 24 one
424 5847 148 44 shilling.

362 5943 57 31 TO
446 5945 91 30 THE
564 5948 211 30 FARMERS
800 5948 57 30 OF
882 5948 113 31 FIFE.

183 6002 236 35 Gentlemen,
422 6002 98 31 —On
531 6013 52 28 my
592 6006 110 27 return
717 6003 93 30 home
825 6006 175 36 yesterday,
1014 6003 80 31 after
1104 6014 17 19 a
1134 6003 88 30 short

140 6047 145 33 absence,
301 6046 14 28 I
331 6047 143 28 received
490 6047 55 30 the
561 6047 71 39 Fife
649 6047 132 35 Herald,
806 6049 76 30 with
899 6058 41 19 an
956 6052 139 25 account
1110 6047 35 28 of
1165 6047 54 30 the

140 6091 208 38 proceedings
361 6093 31 27 at
403 6090 109 39 Cupar
526 6091 33 28 of
570 6091 52 30 the
636 6093 148 28 National
800 6091 178 30 Anti-Corn
995 6091 74 28 Law
1085 6091 137 35 League.

142 6132 74 28 Had
230 6134 13 25 I
254 6134 115 27 known
381 6134 35 28 of
427 6134 61 28 this
506 6135 150 36 meeting,
668 6135 13 27 I
693 6135 113 27 should
819 6135 79 27 have
909 6135 77 25 been
1003 6135 128 33 present
1142 6137 33 22 at
1186 6132 39 33 it,

142 6173 169 38 although,
326 6175 162 36 probably,
504 6175 14 28 I
537 6176 113 27 should
668 6176 79 27 have
764 6180 66 24 met
846 6175 77 28 with
942 6175 52 28 the
1013 6184 83 19 same
1115 6173 61 30 fate
1189 6183 35 17 as

145 6219 54 31 Mr
216 6217 156 36 Barclay;
397 6216 49 28 for
461 6217 39 27 he
520 6217 69 28 who
605 6217 154 28 contends
783 6217 76 28 with
874 6227 19 19 a
909 6217 260 38 fencing-master
1189 6219 33 25 at

143 6265 52 30 his
211 6271 71 22 own
299 6260 101 33 trade,
414 6268 36 20 or
466 6269 19 19 a
501 6260 214 39 prize-fighter
729 6260 31 28 in
775 6260 55 30 the
841 6260 83 39 ring,
937 6260 79 30 need
1027 6263 58 27 not
1096 6260 126 30 wonder

145 6310 27 28 if
184 6309 41 28 lie
241 6309 99 27 meets
356 6304 77 30 with
450 6313 17 19 a
485 6304 66 30 fall.

192 6351 79 30 Late
298 6353 109 27 events
436 6348 79 31 have
543 6350 90 39 given
663 6350 47 31 far
737 6354 126 36 greater
890 6351 198 38 importance
1112 6353 31 27 to
1169 6348 54 31 the

148 6397 128 39 League
293 6395 76 31 than
386 6395 74 41 they
476 6400 33 27 at
524 6397 68 31 first
605 6397 186 31 demanded.
838 6397 68 31 The
920 6397 96 31 heads
1027 6397 35 31 of
1071 6406 17 20 a
1104 6405 101 31 power-

148 6443 44 30 ful
211 6446 101 36 party,
329 6443 74 30 with
422 6443 82 31 their
520 6443 181 39 adherents,
723 6444 79 30 have
825 6444 109 41 joined
964 6444 54 30 the
1033 6441 191 41 cry—those

146 6498 72 28 very
235 6496 72 20 men
326 6488 80 35 who,
422 6498 19 19 a
457 6488 88 30 short
561 6490 76 28 time
663 6499 71 30 ago,
761 6490 187 30 denounced
965 6488 54 31 the
1035 6491 135 36 attempt
1191 6491 33 27 to

146 6532 121 30 abolish
285 6542 19 20 a
320 6532 180 39 protecting
515 6534 77 36 duty
608 6543 33 19 as
688 6534 145 30 absolute

195 6576 46 38 By
257 6576 74 35 this,
348 6575 74 39 they
438 6578 107 38 fondly
561 6578 148 39 imagine,
732 6578 76 39 they
824 6578 65 30 will
904 6578 93 30 enlist
1020 6578 54 30 the
1099 6578 126 39 League

151 6622 102 28 under
269 6620 83 28 their
370 6622 146 33 banners,
542 6622 82 30 little
641 6622 117 38 seeing,
783 6631 35 20 as
833 6622 106 30 others
956 6625 50 25 too
1022 6622 120 38 plainly
1162 6631 63 24 see,

148 6666 71 28 that
236 6665 72 38 they
324 6674 54 20 are
394 6669 58 25 not
466 6665 129 31 cnlisters
611 6666 57 30 but
682 6666 255 30 enlisted—blind
954 6666 156 30 followers
1123 6666 31 28 in
1172 6666 55 30 the

148 6710 82 28 train
247 6710 35 28 of
296 6710 88 28 those
403 6709 69 30 who
488 6710 94 30 cheer
600 6710 85 30 them
704 6721 39 19 on
757 6715 31 25 to
803 6712 187 28 revolution.

195 6754 54 28 All
266 6757 194 27 movements
476 6756 194 36 now-a-days
696 6764 54 20 are
773 6756 91 28 made
880 6756 39 36 by
937 6764 39 20 an
994 6753 112 39 appeal
1123 6756 33 25 to
1173 6753 54 30 the

150 6797 110 41 people
276 6808 9 25 ;
309 6806 85 20 some
422 6798 156 38 clap-trap
597 6798 25 30 is
638 6800 123 28 thrown
787 6800 180 28 out—false
983 6797 169 31 assertions
1172 6806 55 20 are

148 6843 301 35 made—promises,
465 6841 102 30 which
586 6847 66 25 cost
676 6844 150 36 nothing,
846 6852 52 20 are
921 6843 131 36 lavishly
1068 6841 159 28 bestowed

151 6887 107 28 —and
277 6885 54 30 the
348 6887 121 36 people,
485 6887 135 38 perhaps
635 6888 181 38 struggling
831 6888 102 28 under
950 6885 189 33 difficulties,
1161 6893 69 28 aye,

151 6931 126 39 pressed
293 6939 77 20 even
386 6929 49 30 for
450 6931 85 33 food,
553 6932 93 27 listen
665 6937 50 24 too
731 6932 202 36 credulously
950 6935 31 25 to
1000 6929 52 30 the
1068 6928 159 39 sophistry

151 6975 36 30 of
202 6973 54 30 the
271 6973 143 39 speaker,
433 6975 132 28 without
583 6975 222 39 investigating
816 6975 47 28 his
874 6975 131 31 motives
1017 6981 36 22 or
1069 6972 142 39 question-

153 7020 57 38 ing
225 7017 47 30 his
288 7019 101 28 truth.
438 7017 31 30 Is
488 7019 24 28 it
526 7022 33 25 to
575 7019 38 28 be
630 7019 167 30 wondered
809 7022 33 27 at
855 7019 13 30 ?

200 7063 69 28 The
285 7066 128 33 present
427 7066 178 25 movement
622 7065 25 27 is
663 7074 39 19 an
720 7065 107 28 attack
855 7072 85 28 upon
959 7063 52 28 the
1027 7060 117 30 landed
1161 7069 52 27 pro-

156 7107 145 39 prietors,
317 7115 33 20 as
365 7115 17 19 a
400 7107 82 38 body
493 7107 33 28 of
540 7107 101 30 selfish
655 7107 170 30 interested
838 7118 85 25 men,
937 7107 115 36 having
1065 7104 82 30 their
1159 7112 69 20 own

156 7151 175 36 advantage
345 7154 33 25 at
395 7150 101 35 heart,
521 7151 61 30 and
602 7153 132 28 careless
761 7153 35 28 of
811 7151 57 30 the
891 7151 124 30 welfare
1043 7148 35 30 of
1099 7146 109 30 others
1224 7159 9 25 ;

156 7195 107 30 whilst
280 7195 52 27 the
348 7195 117 28 farmer
479 7195 25 27 is
532 7195 72 30 held
622 7206 43 27 up
693 7200 31 25 to
740 7197 134 30 ridicule
899 7206 35 19 as
950 7194 66 31 dull
1035 7192 35 30 of
1090 7192 143 30 intellect

157 7239 63 30 and
236 7243 57 25 not
309 7238 150 39 knowing
474 7238 47 30 his
537 7249 71 20 own
625 7241 156 28 interests.

206 7283 30 28 Is
254 7282 63 30 this
331 7283 165 28 character
518 7285 98 27 borne
630 7288 57 25 out
702 7285 39 38 by
757 7285 80 30 facts
850 7285 14 30 ?
912 7283 65 30 Are
992 7291 58 20 our
1074 7280 161 30 landlords

156 7328 178 39 oppressive
346 7328 113 28 ?—are
477 7337 57 20 our
550 7329 131 30 farmers
696 7329 140 38 wanting
847 7329 31 28 in
893 7328 200 38 intelligence
1104 7326 16 28 ?
1167 7324 68 30 The

157 7373 109 38 public
293 7375 85 27 must
403 7381 123 20 answer
542 7373 74 35 this,
643 7373 63 30 and
723 7383 146 28 compare
888 7373 98 35 them,
1002 7372 27 28 if
1043 7370 72 38 they
1139 7369 94 30 think

159 7417 49 31 fit,
238 7419 33 25 to
298 7416 91 30 those
414 7417 254 30 manufacturers
699 7428 31 19 so
764 7417 252 36 disinterestedly
1046 7414 191 38 advocating

159 7460 101 35 cheap
276 7466 88 25 corn,
381 7460 61 27 and
458 7460 35 28 in
520 7471 41 17 no
578 7471 68 25 way
661 7461 208 36 anticipating
885 7463 71 25 that
975 7460 74 36 they
1068 7469 71 27 may
1161 7468 57 28 per-

161 7501 120 38 sonally
296 7499 118 30 benefit
439 7502 39 38 by
494 7502 55 30 the
565 7502 132 38 change.
745 7502 14 28 I
778 7504 79 28 shall
874 7502 117 38 merely
1006 7502 109 30 advert
1132 7506 33 25 to
1183 7501 54 30 the

161 7548 187 28 statements
375 7545 91 30 made
493 7545 39 39 by
548 7545 55 30 the
630 7546 140 28 member
794 7546 50 30 for
872 7546 268 38 Knaresborough
1164 7545 74 39 (Mr

161 7589 173 41 Fcrrand),
348 7592 63 28 and
428 7589 54 31 the
498 7592 148 30 evidence
672 7592 61 30 laid
761 7592 107 30 before
896 7592 55 30 the
972 7591 106 31 House
1096 7591 35 30 of
1145 7589 71 31 Com-

164 7647 91 19 mons
282 7636 135 38 relating
446 7639 31 27 to
504 7636 55 30 the
586 7639 172 27 treatment
784 7638 31 28 of
844 7638 52 30 the
920 7638 184 38 operatives,
1128 7639 33 27 to
1184 7636 54 30 the

162 7682 94 30 truck
274 7685 126 33 system,
417 7682 68 35 &c.,
504 7680 74 38 &c.,
592 7685 33 25 to
641 7682 90 30 assist
748 7682 85 30 them
852 7682 31 30 in
901 7682 135 39 forming
1055 7682 82 30 their
1143 7682 76 39 judg-

161 7729 99 27 ment.

211 7770 69 30 The
296 7770 145 39 question
468 7769 107 30 before
594 7778 36 20 us
646 7770 25 28 is
688 7769 54 30 the
770 7770 87 38 price
882 7770 33 28 of
940 7770 82 30 food.
1068 7770 87 30 Dear
1176 7770 63 30 and

162 7814 101 38 cheap
279 7825 52 19 are
348 7814 129 30 relative
494 7817 109 30 terms,
625 7813 180 39 dependent
820 7824 39 19 on
879 7814 91 30 other
986 7814 255 30 circumstances.

165 7860 88 28 Thus
271 7860 54 28 the
340 7858 146 30 labourer
504 7868 60 20 was
583 7858 104 30 better
701 7858 44 27 off
767 7858 90 30 when
874 7858 102 28 wheat
994 7869 61 19 was
1071 7863 33 25 at
1123 7858 68 35 70s,
1205 7869 38 19 or

165 7912 77 20 even
261 7904 57 28 00s
334 7904 55 28 the
403 7907 142 33 quarter,
569 7904 63 28 and
657 7902 39 28 he
723 7902 140 30 received
893 7907 61 25 two
976 7902 146 41 shillings
1137 7904 104 36 a-day,

167 7948 77 28 than
272 7956 71 20 now
372 7946 90 28 when
491 7946 54 30 the
562 7946 102 28 wheat
679 7946 27 28 is
731 7946 102 28 under
861 7946 69 36 50s,
953 7948 63 28 and
1039 7948 39 30 he
1107 7948 134 30 receives

167 7992 137 30 thirteen
332 8000 36 20 or
394 7991 143 30 fourteen
562 8000 110 30 pence.
718 7989 93 38 Now,
838 7992 24 30 it
877 7992 25 28 is
918 8000 19 20 a
956 7991 197 31 well-known
1178 7992 63 28 fact

169 8036 71 28 that
255 8036 54 28 the
326 8036 85 38 price
427 8036 33 27 of
474 8036 71 28 food
564 8036 157 35 regulates
737 8035 54 30 the
808 8036 85 38 price
912 8036 33 27 of
959 8036 227 28 labour—that
1208 8036 33 27 in

170 8080 90 30 those
276 8080 159 30 countries
452 8079 104 30 where
583 8080 88 28 there
688 8080 25 27 is
735 8077 99 41 cheap
852 8090 88 24 corn,
967 8080 99 31 there,
1096 8080 74 31 also,
1189 8088 52 19 are

172 8124 55 28 the
244 8124 137 30 smallest
398 8132 180 30 wages—so
605 8123 104 35 small,
734 8123 71 30 that
828 8124 54 30 the
909 8134 77 28 poor
1014 8128 129 35 peasant
1169 8123 76 28 lives

169 8167 113 39 chiefly
298 8178 39 19 on
356 8178 65 28 rye,
435 8167 117 30 unable
578 8172 33 25 to
635 8167 154 39 purchase
816 8169 83 28 their
915 8178 69 19 own
1013 8167 99 36 cheap
1131 8167 110 28 wheat.

172 8211 80 30 This
266 8222 77 27 your
356 8211 178 30 Anti-Corn
551 8211 72 30 Law
638 8213 126 39 League
775 8217 109 24 orator
893 8214 82 27 most
986 8209 150 38 carefully
1148 8208 96 39 keeps

169 8260 57 25 out
243 8257 35 28 of
288 8255 94 39 sight.

219 8301 63 28 For
296 8298 172 41 example's
482 8299 85 35 sake,
583 8301 44 30 let
644 8310 38 19 us
698 8301 135 38 proceed
850 8304 31 25 to
899 8302 98 30 trace,
1022 8299 68 35 step
1107 8296 41 38 by
1164 8299 80 33 step,

172 8345 54 30 the
241 8354 216 28 consequence
474 8345 33 28 of
529 8345 219 38 withdrawing
775 8345 41 28 all
844 8342 175 39 protection
1049 8342 80 28 from
1153 8348 90 20 corn.

172 8389 31 30 It
219 8389 27 30 is
260 8389 134 30 difficult
411 8394 30 25 to
460 8389 90 30 make
564 8394 57 25 out
636 8389 79 30 from
734 8389 54 28 the
802 8386 148 39 speeches
965 8386 35 28 of
1014 8384 87 30 these
1121 8387 123 25 orators

170 8433 145 30 whether
329 8435 31 28 in
380 8433 83 30 their
479 8435 137 35 opinion,
633 8433 63 28 this
720 8441 142 19 measure
877 8430 60 28 will
954 8428 98 38 really
1068 8428 96 28 lower
1191 8428 54 30 the

170 8479 87 39 price
272 8477 35 30 of
318 8477 170 38 grain—as
504 8482 33 25 at
564 8485 58 20 one
650 8477 76 27 time
753 8474 74 38 they
844 8482 52 30 say
913 8474 24 28 it
953 8472 77 33 will,
1054 8476 35 25 at
1110 8472 135 28 another

172 8523 71 28 that
258 8523 24 28 it
299 8523 61 28 will
380 8526 66 28 not,
463 8521 170 38 according
649 8529 33 19 as
698 8520 25 28 it
739 8518 77 30 suits
833 8518 82 30 their
931 8521 178 35 argument.

217 8567 33 28 If
261 8567 25 28 it
302 8567 74 28 does
392 8570 68 30 not,
479 8567 104 28 where
597 8567 25 28 is
641 8564 52 31 the
709 8564 175 38 advantage
894 8567 31 25 to
940 8562 52 30 the
1005 8570 167 22 consumer
1186 8562 60 30 ?—

170 8611 27 30 if
209 8611 24 28 it
249 8611 85 35 does,
350 8611 44 28 let
411 8620 35 19 us
463 8611 132 38 proceed
614 8614 30 24 to
663 8609 52 28 the
729 8616 247 30 consequences.

219 8655 58 30 Let
293 8663 36 20 us
356 8654 85 36 take,
465 8655 47 27 for
537 8655 151 35 instance,
717 8663 17 19 a
751 8654 175 38 proprietor
953 8650 33 30 of
1011 8649 93 31 £900
1129 8660 115 30 a-year.

172 8699 33 30 If
219 8699 54 30 the
288 8699 85 38 price
389 8699 36 28 of
436 8707 77 20 corn
529 8698 24 28 is
570 8698 94 30 much
685 8698 148 36 reduced,
855 8696 49 30 his
918 8696 123 30 income
1057 8696 25 30 is
1109 8696 137 30 reduced

172 8745 33 30 in
222 8743 282 38 proportion—say
518 8753 60 20 one
594 8743 98 28 third.
740 8743 46 28 To
803 8746 82 27 meet
902 8742 63 31 this
983 8742 39 30 ho
1049 8742 132 30 reduces
1197 8740 49 30 his

170 8786 252 36 establishment,
438 8786 154 30 dismisses
609 8786 47 30 his
674 8792 151 30 servants,
841 8787 140 38 employs
997 8797 60 17 one
1082 8786 164 36 gardener,

175 8830 63 31 and
255 8838 41 20 no
312 8830 161 28 labourers
488 8839 41 19 on
548 8830 101 30 works
663 8831 35 28 of
718 8835 189 31 ornament;
929 8839 36 19 or
981 8830 39 28 he
1038 8839 69 27 may
1131 8830 117 28 reduce

173 8876 57 30 the
247 8882 101 28 wages
362 8872 33 28 of
409 8872 52 28 all.
509 8872 140 39 Suppose
668 8874 39 30 he
723 8874 118 30 refuses
857 8879 33 24 to
907 8874 145 28 diminish
1071 8874 47 27 his
1135 8879 87 22 rents
1238 8882 8 25 ;

173 8921 35 27 in
225 8918 117 39 equity,
367 8918 49 28 his
430 8921 129 25 tenants
572 8926 54 20 are
641 8920 132 28 entitled
792 8923 31 25 to
839 8929 19 19 a
874 8917 274 31 reduction—will
1175 8917 72 36 they

175 8964 39 30 be
230 8973 35 19 so
280 8964 38 38 by
335 8964 58 28 law
406 8964 14 28 ?
469 8961 74 30 You
567 8964 206 28 answer—he
800 8967 83 25 must
910 8964 38 28 be
973 8962 124 30 forced!
1151 8961 98 28 What

175 9008 102 30 then?
324 9008 180 28 Numerous
520 9016 128 28 persons
674 9006 79 30 have
775 9008 169 33 annuities,
967 9006 157 38 pensions,
1153 9009 77 25 mort-

175 9060 107 31 gages,
309 9060 41 19 on
376 9052 54 28 the
446 9055 99 25 estate
559 9060 9 27 ;
594 9052 72 38 they
682 9052 135 28 demand
846 9055 252 33 payment—can
1117 9050 39 28 he
1178 9058 71 20 now

175 9094 107 38 satisfy
299 9093 82 30 their
397 9094 109 28 claims
518 9096 16 27 ?
581 9094 115 38 Again,
720 9096 55 28 the
791 9096 58 28 law
868 9099 85 25 must
975 9099 69 35 step
1060 9096 30 27 in
1110 9093 74 30 with
1209 9104 39 19 an

178 9137 139 43 equitable
340 9137 186 38 adjustment.
572 9140 77 28 This
676 9148 170 22 numerous
863 9140 79 28 tribe
959 9143 83 25 must
1060 9140 38 28 be
1113 9139 137 30 rcduced

178 9184 31 28 in
228 9183 82 30 their
328 9181 209 39 proportions,
554 9183 76 28 with
647 9183 41 28 all
707 9183 80 28 their
803 9183 63 28 still
890 9192 87 19 more
1000 9194 172 19 numerous
1195 9184 35 28 de-

178 9225 266 41 pendents;—all
460 9225 87 28 these
562 9227 113 28 classes
691 9236 57 27 pay
764 9225 205 30 taxes—how
986 9228 25 27 is
1027 9228 63 28 this
1112 9228 140 30 taxation

178 9282 74 19 now
271 9276 33 25 to
318 9271 38 28 be
383 9269 101 28 raised
498 9269 132 27 ?—how
646 9277 52 19 are
717 9277 44 19 we
778 9272 31 24 to
833 9277 60 28 pay
909 9269 55 30 the
986 9271 132 30 interest
1140 9271 36 30 of
1195 9280 60 19 our

178 9315 142 30 national
337 9313 74 30 debt
422 9313 16 30 ?
485 9310 145 30 Another
644 9310 139 39 equitable
802 9312 176 38 adjustment
989 9315 14 28 ?
1025 9324 35 19 or
1083 9324 52 20 are
1153 9326 46 17 we
1224 9320 31 24 to

183 9369 135 31 suppose
332 9359 71 30 that
417 9357 54 30 the
488 9354 246 33 manufacturer,
748 9354 140 30 fattened
906 9365 39 19 on
964 9357 54 28 the
1033 9359 96 36 spoils
1146 9361 35 28 of
1203 9359 54 30 the

181 9405 87 35 land,
287 9403 65 30 will
367 9403 93 30 make
476 9411 43 27 up
531 9400 41 30 all
591 9398 54 30 the
657 9398 195 30 deficiencies
865 9400 99 28 ?—he
978 9400 55 30 has
1044 9413 71 19 now
1128 9403 129 30 become

183 9449 54 28 the
252 9449 68 28 rich
345 9458 87 24 man,
455 9446 63 31 will
545 9444 55 30 the
627 9443 167 38 labouring
820 9441 184 39 population
1031 9447 39 27 be
1098 9447 106 28 better
1219 9447 43 27 off

181 9493 104 30 under
312 9491 49 31 his
386 9491 143 39 auspices
542 9491 14 30 ?
605 9488 96 31 What
729 9487 107 31 makes
866 9485 52 31 the
945 9487 247 43 Corn-Leaguer
1227 9499 33 22 so

1294 1090 132 28 anxious
1444 1093 31 25 to
1493 1099 88 30 carry
1600 1088 61 31 this
1677 1099 142 22 measure
1833 1091 13 28 ?
1893 1090 50 30 lie
1961 1090 72 31 tells
2054 1099 60 30 you
2131 1088 88 30 trade
2236 1085 63 30 will
2323 1093 35 22 re

1293 1134 77 36 vive,
1386 1134 132 30 because
1535 1134 39 30 he
1594 1134 61 30 will
1672 1134 38 31 be
1739 1135 72 30 able
1827 1139 33 27 to
1876 1134 173 31 under-sell
2077 1134 55 30 the
2154 1132 118 38 foreign
2290 1139 61 20 mar-

1293 1176 55 31 ket
1361 1189 11 25 ;
1394 1178 101 39 cheap
1512 1178 71 30 food
1600 1178 63 30 will
1685 1183 57 25 not
1767 1180 110 28 enable
1904 1178 66 30 him
1986 1183 33 25 to
2047 1178 39 30 do
2106 1178 72 35 this,
2202 1176 58 28 but
2282 1173 88 38 cheap

1291 1230 94 30 tvaffcs
1413 1222 170 30 will—this
1600 1224 24 28 is
1643 1222 83 30 what
1742 1222 41 30 ho
1808 1225 77 27 aims
1901 1228 46 30 at,
1972 1224 63 28 and
2065 1224 74 28 here
2156 1230 44 20 we
2224 1227 88 22 come
2337 1220 31 25 to

1290 1266 54 28 the
1361 1266 99 38 point.
1510 1265 63 31 But
1591 1276 76 20 even
1685 1266 74 30 here
1776 1266 72 38 they
1866 1276 71 28 may
1953 1268 39 28 be
2008 1266 154 30 mistaken
2178 1274 8 25 ;
2203 1263 72 38 they
2290 1261 74 30 send

1290 1309 82 30 their
1386 1310 99 38 goods
1501 1313 30 27 to
1550 1310 159 36 America,
1726 1310 132 35 Poland,
1876 1321 35 19 or
1928 1310 139 33 Prussia,
2080 1307 214 36 underselling
2309 1306 54 28 the

1287 1354 252 30 manufacturers
1554 1354 35 30 of
1613 1356 88 28 these
1728 1356 170 30 countries.
1945 1356 65 28 But
2033 1354 63 30 will
2124 1354 80 28 their
2222 1351 120 30 Govern-

1287 1403 104 25 ments
1406 1400 112 36 permit
1535 1400 61 28 this
1611 1400 14 28 ?
1671 1400 151 28 Hitherto
1836 1403 33 25 at
1893 1400 77 30 least
1989 1400 71 38 they
2077 1398 77 30 have
2172 1406 93 19 never
2280 1395 80 28 done

1287 1452 44 19 so.
1378 1444 76 27 Alas
1468 1443 8 30 !
1501 1444 74 38 they
1600 1452 54 20 are
1679 1449 57 24 not
1762 1444 77 28 such
1868 1444 139 38 political
2035 1441 187 31 economists
2249 1449 35 20 as
2307 1449 57 19 our

1288 1485 83 30 Corn
1392 1487 74 28 Law
1483 1488 139 35 friends;
1646 1487 74 39 they
1737 1488 76 28 have
1830 1493 55 25 not
1902 1488 74 30 read
1997 1487 151 35 Malthus,
2169 1482 194 33 M'Culloch,

1287 1532 63 27 and
1367 1529 54 31 the
1435 1532 71 33 Fife
1523 1531 131 35 Herald,
1669 1532 65 28 and
1753 1532 72 38 they
1841 1540 52 20 aro
1920 1532 151 35 ignorant
2093 1529 123 38 enough
2235 1532 33 24 to
2291 1535 55 30 pro-

1290 1578 65 25 tect
1370 1575 82 30 their
1480 1584 69 20 own
1578 1576 236 28 manufactures
1841 1576 39 38 by
1896 1576 157 38 imposing
2082 1576 96 35 heavy
2195 1573 102 28 duties
2320 1581 41 19 on

1287 1628 74 20 ours
1375 1630 11 25 ;
1408 1628 71 30 nay,
1494 1628 76 22 even
1587 1619 25 30 if
1638 1619 74 39 they
1728 1620 65 30 find
1809 1619 25 31 it
1861 1620 202 36 convenient,
2088 1619 74 38 they
2187 1625 69 28 may
2274 1616 88 38 place

1288 1672 41 19 an
1345 1669 112 33 export
1474 1665 76 38 duty
1565 1672 39 20 on
1622 1665 90 38 grain
1731 1665 91 28 when
1850 1665 72 38 they
1942 1674 49 19 see
2008 1674 38 19 us
2072 1661 180 39 dependent
2276 1669 85 27 upon

1288 1707 98 30 them.
1431 1707 65 30 But
1509 1707 170 39 supposing
1696 1709 74 38 they
1786 1709 39 28 do
1841 1710 77 28 send
1937 1718 35 19 us
1989 1709 98 38 cheap
2106 1715 87 22 corn,
2211 1704 63 30 and
2290 1704 72 30 take

1287 1759 60 20 our
1361 1753 246 33 manufactures,
1636 1753 27 28 is
1679 1754 25 27 it
1720 1756 55 25 not
1791 1754 128 28 obvious
1942 1754 71 28 that
2030 1762 46 19 we
2093 1750 79 31 shall
2198 1748 36 30 be
2263 1751 83 25 trans-

1288 1795 117 38 ferring
1431 1800 31 27 to
1491 1797 90 30 those
1608 1797 161 30 countries
1795 1797 55 30 the
1877 1797 191 39 advantages
2085 1794 102 31 which
2216 1802 58 20 our
2290 1802 71 20 own

1287 1839 113 31 landed
1416 1841 192 39 proprietors
1624 1841 63 30 and
1704 1841 214 30 Government
1935 1850 72 20 now
2020 1841 99 38 enjoy,
2137 1836 61 31 and
2211 1836 30 28 in
2257 1836 102 30 which

1287 1885 54 28 the
1356 1885 99 30 whole
1471 1885 195 38 community
1680 1887 186 36 participate
1880 1888 14 27 ?
1942 1885 96 30 Their
2055 1883 88 30 fields
2161 1880 61 30 will
2239 1880 38 30 be
2294 1882 52 28 cul-

1287 1929 128 36 tivated,
1424 1929 104 30 whilst
1537 1937 74 20 ours
1620 1928 39 31 lie
1671 1929 235 31 fallow—their
1915 1932 167 36 peasantry
2096 1926 60 28 will
2167 1924 39 30 be
2219 1924 142 41 working

1287 1973 31 27 in
1335 1973 55 28 the
1405 1973 63 30 free
1485 1975 46 28 air
1545 1973 35 28 of
1592 1972 132 36 heaven,
1740 1975 104 28 whilst
1860 1984 74 19 ours
1957 1984 54 19 are
2038 1970 145 30 crowded
2208 1970 30 27 in
2263 1970 94 28 mills.

1288 2017 68 30 Our
1386 2017 203 39 agricultural
1617 2019 186 36 population
1827 2019 80 30 have
1934 2017 139 30 hitherto
2101 2014 77 30 been
2208 2022 60 20 our
2290 2014 69 30 best

1287 2065 172 27 customers
1472 2074 9 25 ;
1504 2071 60 28 you
1581 2071 72 20 now
1668 2071 132 31 propose
1816 2063 123 36 leaving
1951 2063 99 28 them,
2068 2058 63 30 and
2150 2058 131 38 turning
2296 2063 33 25 to
2342 2069 19 19 a

1287 2104 118 41 foreign
1422 2107 134 28 market.
1600 2107 123 30 Should
1740 2118 74 24 war,
1839 2107 124 33 dearth,
1991 2113 36 19 or
2054 2102 176 30 difficulties
2254 2112 107 28 occur,

1287 2150 85 30 what
1387 2151 77 30 have
1482 2161 44 20 we
1543 2154 31 25 to
1591 2151 55 30 fall
1672 2151 80 30 back
1769 2161 85 28 upon
1866 2151 14 28 ?
1928 2148 74 30 You
2019 2146 77 30 have
2113 2145 165 41 neglected
2302 2148 55 30 the

1287 2195 126 30 culture
1436 2197 35 28 of
1493 2206 79 27 your
1587 2206 69 19 own
1674 2197 79 33 soil;
1776 2195 63 28 like
1869 2194 101 28 Midas
1997 2200 60 30 you
2087 2191 77 28 have
2189 2194 170 28 converted

1287 2247 91 30 every
1394 2239 90 39 thing
1498 2241 66 28 into
1581 2239 183 39 gold—like
1781 2239 65 28 him
1861 2247 61 30 you
1939 2246 69 28 may
2024 2239 102 27 starve
2143 2236 31 30 in
2194 2235 52 31 the
2263 2236 96 31 midst

1287 2282 33 30 of
1331 2283 36 30 it.

1332 2328 71 31 God
1417 2328 109 30 knows
1542 2329 25 28 it
1594 2329 25 27 is
1635 2331 57 25 not
1718 2326 80 28 from
1827 2326 104 30 selfish
1959 2324 131 30 motives
2109 2324 14 30 I
2142 2334 71 20 now
2230 2326 129 30 address

1287 2380 61 28 you
1362 2381 9 27 ;
1394 2372 25 30 it
1433 2372 25 30 is
1474 2373 131 28 because
1624 2372 13 28 I
1655 2370 117 30 believe
1789 2370 52 30 the
1868 2378 143 22 measure
2027 2373 33 27 to
2076 2370 38 30 be
2129 2370 129 38 fraught
2283 2370 76 30 with

1288 2416 120 38 danger
1420 2417 61 28 and
1499 2417 143 28 ruin—it
1668 2417 27 27 is
1710 2416 131 28 because
1858 2414 14 28 I
1891 2416 117 28 believe
2025 2416 54 28 the
2107 2425 77 28 poor
2211 2416 148 28 labourer

1287 2460 63 30 and
1365 2460 120 31 artizan
1501 2460 63 31 will
1581 2461 38 30 be
1635 2460 54 31 the
1704 2460 69 30 first
1789 2463 31 27 to
1838 2458 165 33 suffer—it
2019 2460 25 30 is
2060 2460 134 31 because
2211 2460 13 28 I
2241 2460 118 31 believe

1287 2504 55 30 the
1356 2510 183 35 arguments
1553 2507 33 28 of
1600 2506 55 30 the
1671 2506 83 28 Corn
1775 2506 124 39 League
1915 2509 121 25 orators
2052 2509 33 25 to
2101 2506 38 28 be
2156 2504 115 30 hollow
2293 2506 63 28 and

1287 2548 252 33 delusive—that
1598 2551 72 38 they
1688 2551 61 28 will
1937 2551 85 28 word
2039 2550 35 28 of
2087 2550 135 43 promise
2246 2554 33 25 to
2304 2550 55 30 the

1285 2602 55 20 ear
1367 2597 61 28 and
1559 2595 39 28 *.f
1609 2597 33 27 to
1668 2594 57 30 the
1742 2594 91 36 hope.
1902 2595 13 27 I
1937 2595 101 27 would
2057 2603 63 28 say,
2148 2597 82 25 trust
2257 2597 33 27 to
2309 2592 52 31 Sir

1287 2636 118 28 Robert
1428 2638 94 33 Peel;
1550 2636 44 31 he'
1613 2639 27 27 is
1666 2647 41 19 no
1734 2639 184 35 prejudiced
1950 2639 277 35 monopolist—no
2252 2639 106 27 selfish

1285 2680 156 33 landlord,
1460 2680 55 30 but
1531 2680 57 31 has
1603 2682 115 39 proved
1737 2682 38 36 by
1786 2680 61 30 late
1860 2690 157 19 measures
2033 2680 71 30 that
2118 2680 38 30 he
2172 2682 120 28 studies
2306 2682 54 28 the

1283 2723 131 28 interest
1430 2723 36 28 of
1483 2724 55 36 all,
1562 2726 153 38 carefully
1729 2724 157 38 sounding
1902 2723 47 28 his
1967 2732 68 30 way
2052 2723 137 39 through
2208 2726 54 28 the
2279 2726 65 28 diffi-

1282 2767 68 28 cult
1365 2767 178 38 navigation
1561 2772 107 28 before
1685 2770 77 30 him.

1328 2811 58 28 Let
1403 2819 49 22 me
1468 2811 156 35 therefore
1649 2814 153 31 conclude
1817 2813 39 38 by
1872 2811 117 38 calling
2019 2819 85 30 upon
2131 2820 61 30 you
2211 2816 30 25 to
2266 2822 90 22 come

1280 2855 134 28 forward
1433 2857 74 28 with
1534 2860 151 36 petitions
1709 2860 124 38 against
1857 2857 52 28 the
1939 2855 135 38 League,
2101 2857 63 28 and
2181 2860 31 25 to
2230 2866 128 28 express

1279 2907 80 28 your
1373 2899 183 33 confidence
1569 2904 33 28 in
1619 2904 54 30 the
1691 2904 247 36 Ministry—not
1956 2899 117 36 merely
2098 2899 76 30 with
2200 2910 60 19 one
2277 2902 65 38 peti-

1280 2942 77 35 tion,
1381 2942 58 30 but
1457 2945 74 30 with
1550 2956 33 20 as
1605 2956 94 30 many
1715 2956 35 20 as
1764 2956 60 30 you
1841 2954 58 20 can
1928 2951 134 30 procure
2076 2951 11 27 ;
2109 2943 63 28 and
2189 2943 44 30 let
2249 2945 25 28 it
2299 2950 57 27 not

1279 2986 39 28 be
1334 2984 65 30 said
1416 2987 71 30 that
1502 2991 54 28 the
1572 2992 189 30 sentiments
1778 2991 33 28 of
1827 2989 54 30 Mr
1896 2986 131 33 Cobden
2044 2987 63 28 and
2123 2986 49 30 his
2187 2989 167 30 associates

1279 3038 52 20 are
1348 3030 88 28 those
1452 3033 35 28 of
1499 3033 54 30 the
1570 3039 117 35 county
1702 3036 35 30 of
1751 3035 79 30 Fife.

1413 3074 16 28 I
1446 3074 77 35 have
1539 3079 55 31 the
1614 3080 126 30 honour
1756 3083 31 25 to
1805 3080 50 35 be,

1726 3123 202 33 Gentlemen,

1592 3167 93 31 Your
1701 3173 82 25 most
1798 3167 146 31 obedient
1961 3165 139 31 servant,

2011 3206 118 30 James
2145 3206 165 30 Lindsay.

1367 3249 167 36 Balcarres
1550 3255 65 30 22d
1631 3255 74 31 Jan.
1726 3255 96 31 1844.

1633 3370 361 72 England.

1323 3498 186 41 Windsor,
1546 3502 249 39 Friday.—The
1835 3502 113 35 Queen
1983 3498 61 30 and
2079 3496 120 30 Prince
2233 3496 118 31 Albert

1279 3543 123 31 walked
1419 3545 66 30 this
1504 3548 150 39 morning
1671 3548 35 30 in
1724 3548 55 30 the
1797 3546 162 41 precincts
1976 3543 36 28 of
2024 3543 55 28 the
2104 3540 126 31 Castle.
2280 3542 54 30 Vis-

1276 3595 99 24 count
1394 3589 153 43 Canning
1564 3592 57 30 has
1639 3592 128 30 arrived
1795 3597 31 25 at
1855 3592 54 28 the
1926 3586 109 33 Castle
2054 3595 39 20 on
2112 3597 17 19 a
2148 3586 76 31 visit
2246 3592 31 25 to
2296 3589 57 28 her

1279 3633 161 41 Majesty.

1320 3679 77 30 Tiie
1420 3679 241 33 Court.—We
1690 3680 198 30 understand
1920 3677 68 30 that
2019 3674 217 35 instructions
2266 3679 83 28 have

1277 3724 82 28 been
1389 3724 150 30 received
1569 3731 33 25 at
1630 3726 227 38 Buckingham
1887 3723 131 35 Palace,
2046 3721 47 31 for
2112 3723 55 30 the
2183 3729 87 24 state
2288 3723 61 30 and

1279 3770 126 38 private
1431 3775 202 35 apartments
1663 3778 31 22 to
1713 3770 39 30 be
1781 3770 98 38 ready
1909 3769 47 31 for
1973 3767 54 30 the
2049 3769 167 39 reception
2235 3769 36 30 of
2293 3767 57 33 her

1279 3813 143 41 Majesty
1452 3816 63 28 and
1545 3814 54 30 the
1627 3814 115 35 Court,
1767 3814 71 30 who
1865 3824 54 20 are
1950 3814 162 36 expected
2131 3819 30 24 to
2180 3814 107 27 arrive
2307 3824 41 19 on

1280 3857 206 41 Wednesday
1507 3863 90 28 next,
1611 3858 55 30 the
1682 3858 61 38 day
1764 3858 153 38 previous
1935 3863 33 24 to
1986 3858 55 28 the
2060 3857 148 38 meeting
2225 3855 35 30 of
2276 3857 57 28 Par-

1279 3901 145 36 liament,
1454 3904 80 28 from
1567 3901 153 30 Windsor
1748 3901 121 30 Castle.
1928 3901 72 30 Her
2027 3901 145 38 Majesty
2198 3899 63 28 and
2293 3901 55 28 the

1276 3945 115 28 Prince
1417 3946 150 31 Consort,
1584 3945 176 36 according
1789 3950 33 22 to
1841 3950 132 31 present
2000 3948 257 33 arrangements,
2282 3945 66 28 will

1274 3986 121 30 remain
1427 3987 31 27 in
1479 3992 85 22 town
1595 3986 82 27 until
1696 3991 183 24 to-morrow
1904 3986 195 38 se'ennight,
2115 3986 61 27 and
2197 3986 77 30 then
2301 3995 31 20 re-

1276 4033 72 24 turn
1378 4035 30 22 to
1436 4028 55 28 the
1520 4027 118 30 Castle.
1685 4027 30 30 A
1745 4027 79 30 visit
1854 4033 31 24 to
1915 4027 54 30 the
1997 4027 106 39 Royal
2128 4027 165 41 Pavilion,
2315 4038 33 24 at

1276 4071 175 38 Brighton,
1469 4074 87 36 early
1584 4072 31 28 in
1646 4071 57 30 the
1732 4071 142 38 ensuing
1902 4071 128 35 month,
2049 4072 41 38 by
2109 4072 55 28 the
2183 4074 110 35 Court,
2318 4076 28 30 is

1274 4115 124 38 spoken
1425 4117 31 28 of
1474 4117 31 30 in
1537 4117 55 31 the
1620 4115 102 33 Court
1748 4115 126 36 circles,
1901 4115 156 39 previous
2076 4121 31 24 to
2126 4117 54 30 her
2198 4117 145 44 Majesty

1274 4161 129 39 coming
1420 4167 31 24 to
1471 4167 87 25 town
1575 4164 49 28 for
1643 4162 55 28 the
1715 4167 124 22 seasoD.

1317 4205 72 30 The
1408 4205 96 33 Duke
1520 4208 35 30 of
1573 4203 230 41 Wellington's
1831 4202 101 41 grand
1951 4202 113 31 official
2085 4203 57 31 full
2161 4205 91 33 dress
2271 4208 57 30 ban-

1274 4255 90 35 quet,
1378 4260 41 20 on
1439 4250 209 43 Wednesday
1668 4254 91 31 next,
1783 4250 28 27 is
1830 4254 31 24 to
1879 4249 38 28 be
1935 4247 99 39 given
2057 4255 30 22 to
2106 4260 17 19 a
2143 4257 99 33 party,
2257 4252 33 30 of
2306 4252 43 30 46

1276 4294 200 33 Ministerial
1509 4298 110 36 Peers,
1643 4296 170 35 including
1843 4291 55 31 the
1928 4301 110 22 mover
2061 4296 61 28 and
2142 4294 156 31 seconder
2317 4296 35 30 of

1276 4340 55 31 the
1350 4342 131 30 address
1498 4342 33 30 in
1550 4342 55 30 the
1625 4340 112 31 House
1753 4339 35 30 of
1805 4337 113 30 Lords.

1320 4387 52 28 Sir
1391 4386 124 31 Robert
1529 4387 72 30 Peel
1619 4386 57 30 has
1693 4383 107 33 issued
1819 4381 195 30 invitations
2028 4380 47 31 for
2093 4392 16 20 a
2126 4383 91 41 large
2231 4384 118 30 dinner

1276 4438 93 31 party
1400 4441 41 22 on
1469 4433 159 39 Saturday
1660 4436 90 28 next,
1780 4433 31 25 at
1828 4427 52 30 his
1909 4424 173 33 residence
2112 4427 33 30 in
2167 4428 181 33 Whitehall

1276 4474 162 33 Gardens.

1320 4520 39 30 In
1380 4521 55 28 the
1465 4520 112 33 House
1594 4523 36 27 of
1643 4520 117 36 Lords,
1786 4517 57 31 the
1872 4515 143 31 Address
2047 4515 33 30 in
2099 4526 128 22 answer
2244 4523 33 27 to
2294 4518 58 31 her

1279 4564 175 41 Majesty's
1468 4567 124 38 Speech
1608 4567 63 28 will
1691 4565 36 28 be
1748 4561 115 33 moved
1883 4561 39 39 by
1937 4561 57 30 the
2013 4561 74 30 Earl
2104 4564 35 27 of
2154 4562 120 39 Eldon,
2288 4564 61 30 and

1276 4608 162 30 seconded
1457 4609 38 35 by
1515 4611 83 30 Lord
1620 4609 118 31 Hill.—
1740 4606 165 33 Standard.

1323 4652 60 30 Ma
1405 4652 276 33 Montgomery
1701 4649 247 35 Martin—lt
1967 4650 25 28 is
2022 4652 148 36 reported
2198 4654 71 30 that
2287 4654 65 31 this

1276 4696 72 30 able
1367 4698 120 36 writer,
1502 4709 35 20 so
1564 4704 194 27 conversant
1784 4696 76 30 with
1890 4696 137 30 colonial
2052 4698 120 36 affairs,
2195 4698 58 30 has
2272 4701 77 28 been

1276 4740 175 39 appointed
1471 4748 31 24 to
1520 4745 213 39 Hong-Kong
1746 4743 31 28 in
1798 4742 54 30 the
1869 4739 113 33 official
1997 4743 148 38 capacity
2164 4743 35 30 of
2213 4745 140 38 auditor,

1276 4784 246 43 &c—Literary
1537 4791 132 30 Gazette.

1321 4830 110 28 Visit
1465 4839 47 20 of
1546 4833 110 30 Louis
1685 4833 183 30 Philitpe
1901 4838 47 22 to
1983 4830 197 33 England.
2181 4836 71 20 —♦*
2265 4833 30 30 It
2323 4833 30 30 is

1277 4883 87 20 more
1383 4876 76 28 than
1704 4887 74 28 says
1806 4879 54 28 the
1888 4876 91 31 Court
2003 4876 143 38 Journal,
2211 4879 69 28 that
2299 4879 54 28 the

1277 4920 87 36 King
1380 4920 36 28 of
1431 4920 54 30 the
1501 4920 126 33 French
1649 4923 63 30 will
1737 4928 109 25 return
1877 4921 54 28 the
1959 4921 76 30 visit
2060 4923 35 28 of
2121 4923 57 28 her
2209 4923 140 41 Majesty

1279 4972 30 22 to
1326 4965 54 30 the
1403 4964 146 33 Chateau
1573 4967 99 38 d'Eu,
1701 4967 33 30 in
1759 4969 54 28 the
1839 4965 121 31 middle
1989 4967 35 30 of
2050 4967 55 30 the
2131 4970 220 38 approaching

1324 5057 195 35 Hanover,
1534 5055 143 38 January
1694 5055 169 31 11.—The
1882 5055 87 41 King
1986 5055 27 31 is
2035 5055 69 31 said
2124 5061 31 25 to
2175 5057 79 30 have
2272 5057 77 30 been

1276 5101 107 30 rather
1400 5102 183 36 indisposed
1603 5102 47 27 for
1665 5110 87 20 some
1767 5102 82 36 days
1865 5109 87 30 past.

1321 5145 77 30 The
1419 5145 191 30 Ex-Royal
1628 5145 140 30 Family
1787 5156 39 19 of
1846 5145 268 30 France.—The
2131 5145 115 30 France
2255 5143 94 38 gives

1279 5189 55 30 the
1362 5189 165 39 following
1545 5191 35 28 of
1608 5191 54 28 the
1683 5191 76 28 Isih
1789 5191 139 35 instant,
1950 5191 83 28 from

1277 5233 106 30 health
1403 5233 33 31 of
1454 5233 54 30 the
1526 5239 118 31 august
1657 5244 58 19 son
1729 5235 35 28 of
1778 5233 134 31 Charles
1928 5233 43 31 X.
1987 5233 94 41 gives
2101 5241 41 20 no
2157 5231 117 39 longer
2287 5239 63 28 any

1279 5280 203 35 uneasiness,
1526 5279 71 30 The
1622 5282 93 27 crisis
1743 5279 35 30 of
1805 5279 49 28 his
1883 5280 145 31 disease,
2057 5277 79 30 from
2167 5276 106 30 which
2291 5276 57 28 the

1277 5323 118 30 Prince
1414 5323 58 30 has
1490 5323 140 30 suffered
1649 5334 35 19 so
1709 5323 88 39 long,
1816 5332 65 20 was
1899 5323 96 30 much
2016 5328 148 31 stronger
2183 5318 60 30 and
2263 5328 87 19 more

1279 5369 123 36 painful
1422 5370 74 27 than
1524 5378 61 27 any
1613 5367 181 41 preceding
1816 5369 121 30 attack.
1984 5367 145 39 Happily
2159 5365 41 27 he
2222 5364 58 27 has
2298 5362 35 28 be-

1277 5422 90 19 come
1386 5422 36 20 so
1439 5413 91 28 much
1550 5411 106 30 better
1676 5413 113 28 within
1809 5414 55 27 the
1883 5414 61 28 last
1965 5411 61 30 few
2046 5411 93 38 days,
2159 5408 69 30 that
2257 5405 93 30 there

1279 5457 27 28 is
1324 5466 94 30 every
1441 5466 113 20 reason
1573 5463 33 22 to
1624 5457 83 39 hope
1728 5457 69 30 that
1816 5457 25 28 it
1871 5457 57 30 has
1945 5455 140 41 entirely
2104 5450 128 33 ceased.
2280 5449 69 30 Ihe

1279 5501 109 30 health
1402 5502 33 28 of
1452 5501 54 30 the
1526 5501 186 30 Princesses
1729 5502 27 28 is
1775 5501 115 38 good.''

1321 5546 60 30 Sir
1406 5548 184 30 Augustus
1622 5546 250 30 D'Este.—Wo
1888 5546 79 28 have
1983 5540 194 35 ascertained
2194 5539 79 28 from
2296 5537 55 30 the

1279 5602 71 28 very
1375 5592 68 28 best
1469 5592 172 36 authority,
1668 5591 61 30 and
1757 5602 47 19 we
1819 5600 55 19 aro
1899 5589 173 36 extremely
2098 5587 104 35 happy
2219 5587 31 24 to
2265 5583 88 33 hear,

1279 5635 69 30 that
1365 5646 41 19 no
1422 5636 173 38 opposition
1616 5636 61 28 will
1694 5636 38 28 be
1748 5635 117 30 offered
1877 5639 31 25 to
1928 5635 47 28 his
1989 5630 191 41 application
2194 5627 47 28 for
2257 5627 94 36 being

1277 5680 132 30 allowed
1427 5685 31 24 to
1476 5679 72 30 take
1564 5680 55 28 the
1646 5680 69 28 title
1731 5680 35 28 of
1789 5679 49 30 his
1854 5679 61 30 late
1931 5677 113 33 father,
2063 5674 47 30 his
2137 5671 98 38 Royal
2252 5668 80 39 High-

1279 5734 71 20 ness
1365 5726 54 28 the
1433 5724 93 30 Duke
1542 5724 35 28 of
1589 5724 128 35 Sussex,
1732 5724 61 28 and
1813 5724 69 28 that
1893 5724 55 28 her
1967 5721 131 39 Majesty
2115 5718 55 28 has
2186 5712 165 41 expressed

1279 5778 19 20 a
1313 5770 101 28 desire
1441 5770 68 30 that
1537 5769 54 30 the
1617 5770 146 36 question
1791 5769 115 28 should
1934 5767 38 30 be
1987 5764 113 31 settled
2117 5772 33 19 as
2167 5757 137 41 speedily
2318 5767 35 19 as

1279 5813 257 39 possible.—Age
1550 5813 61 28 and
1625 5813 112 36 Argus.

1326 5857 58 30 We
1402 5857 85 30 learn
1515 5857 77 28 from
1611 5857 80 39 good
1718 5857 161 38 authority
1904 5854 71 31 that
1991 5854 58 30 her
2065 5849 135 39 Majesty
2216 5847 25 28 is
2257 5846 96 30 about

1280 5907 31 25 to
1328 5907 104 24 create
1452 5901 82 30 Lord
1553 5901 205 28 Wharncliffe
1772 5910 41 20 an
1831 5901 72 28 Earl
1967 5898 88 30 Leeds
2071 5896 153 35 Mercury.

1326 5945 134 30 Death
1493 5950 46 22 of
1580 5945 135 28 Major
1715 5945 191 28 General
1945 5943 236 28 Ciiuhchill.
2186 5931 167 33 —Intelli-

1280 5998 99 28 gence
1397 5991 35 27 of
1446 5989 55 27 the
1517 5989 94 27 death
1624 5989 33 27 of
1668 5991 54 25 the
1739 5989 102 30 above
1857 5986 239 38 distinguished
2109 5981 118 35 officer,
2244 5978 88 36 Depu-

1282 6041 30 30 ty
1331 6030 428 36 Quarter-Master-General
1780 6038 31 22 to
1830 6033 55 27 her
1904 6028 170 39 Majesty's
2101 6028 101 27 forces
2220 6025 31 28 in
2271 6022 61 28 Ben-

1279 6077 65 35 gal,
1359 6077 57 27 has
1435 6077 77 27 been
1531 6077 142 27 received
1693 6082 31 22 at
1743 6076 54 28 the
1813 6074 109 31 Office.
1969 6074 54 28 He
2047 6071 61 30 had
2139 6074 77 27 been
2246 6068 33 28 in
2298 6065 55 30 the

1279 6118 121 28 service
1416 6118 44 30 37
1476 6126 102 28 years,
1594 6120 61 25 and
1676 6118 58 27 had
1754 6120 115 27 served
1898 6124 33 22 at
1959 6118 153 28 Corunna
2126 6124 11 25 ;
2162 6123 65 19 was
2244 6112 90 28 subse-

1279 6161 134 36 quently
1431 6161 30 28 in
1482 6161 55 27 the
1556 6159 189 35 Peninsula,
1761 6159 134 35 France,
1910 6159 165 35 Flanders,
2093 6156 60 31 and
2180 6161 31 22 at
2230 6153 102 30 Water-

1279 6205 63 31 loo,
1359 6205 61 25 and
1441 6202 71 28 held
1532 6202 54 28 the
1605 6202 80 28 local
1704 6205 79 25 rank
1800 6200 35 30 of
1854 6202 257 39 Major-General
2131 6202 31 27 in
2183 6198 106 28 India.

1324 6246 80 30 The
1424 6246 99 28 Late
1543 6246 157 28 French
1718 6244 293 31 Consul.—Died
2030 6254 41 17 on
2091 6246 52 25 the
2164 6243 77 28 10th
2266 6241 88 33 inst.,

1279 6298 33 25 at
1329 6290 102 36 Paris,
1449 6291 33 27 in
1501 6290 49 30 his
1567 6290 65 30 82d
1652 6298 85 30 year,
1754 6290 110 38 Philip
1882 6288 134 31 Francis
2036 6287 208 33 Nettement,
2265 6283 90 39 Esq.,

1279 6337 151 38 formerly
1452 6334 217 33 Vice-Consul
1685 6337 36 28 of
1737 6335 118 31 France
1879 6343 33 20 at
1940 6334 148 30 London.
2135 6329 50 30 He
2216 6337 65 19 was
2298 6320 57 36 the

1280 6383 106 30 father
1403 6383 35 28 of
1454 6381 55 30 the
1526 6381 142 31 eminent
1687 6381 121 31 French
1828 6381 139 35 writers,
1991 6378 112 30 Alfred
2131 6372 61 33 and
2224 6372 132 30 Francis

1282 6430 203 30 Nettement.

1326 6474 49 30 Sir
1391 6471 121 39 Joseph
1531 6469 104 39 Lock,
1649 6471 93 36 Knt„
1754 6471 74 33 died
1849 6476 31 27 at
1907 6469 121 31 Oxford
2047 6476 41 22 on
2120 6463 142 36 Tuesday
2282 6461 74 35 last,

1282 6523 31 30 in
1332 6520 50 30 his
1400 6517 79 33 84th
1498 6524 85 28 year.
1635 6517 50 31 He
1702 6520 61 28 had
1784 6520 54 28 the
1857 6518 123 30 honour
1994 6515 36 30 of
2052 6507 205 43 knighthood
2282 6515 57 22 con-

1283 6567 98 30 ferred
1403 6570 83 31 upon
1506 6561 68 28 him
1594 6564 41 36 by
1654 6564 55 28 the
1740 6564 113 30 Prince
1880 6561 139 39 Regent,
2046 6557 93 27 when
2169 6553 39 28 he
2238 6551 118 30 visited

1282 6611 120 30 Oxford
1424 6606 76 31 with
1518 6605 54 30 the
1602 6608 104 30 Allied
1737 6608 191 38 Sovereigns
1956 6606 33 27 in
2020 6600 96 33 1814.
2162 6598 49 28 Sir
2235 6597 121 36 Joseph

1285 6666 65 20 was
1367 6660 33 25 at
1416 6654 55 30 the
1487 6652 80 27 head
1587 6652 35 28 of
1633 6654 55 28 the
1706 6652 187 39 University
1915 6649 104 33 Bank,
2036 6646 61 30 and
2112 6652 65 19 was
2194 6647 162 24 treasurer

1285 6707 44 30 to,
1345 6701 61 28 and
1424 6709 17 17 a
1457 6694 112 31 liberal
1586 6706 173 30 supporter
1775 6698 43 33 of,
1836 6701 87 25 most
1939 6696 33 30 of
1989 6696 54 27 the
2060 6688 151 31 charities
2241 6685 31 30 in
2304 6687 55 28 the

1283 6745 79 38 city.
1411 6743 63 28 His
1490 6742 139 28 remains
1646 6743 63 28 will
1728 6743 38 28 be
1783 6742 170 39 deposited
1970 6740 31 30 in
2033 6737 54 30 the
2104 6731 120 33 church
2254 6731 35 30 of
2306 6731 54 30 All

1285 6789 107 30 Saints
1405 6797 41 20 on
1463 6784 169 38 Thursday
1650 6794 88 24 next.

1331 6835 135 28 Death
1485 6836 44 22 of
1561 6830 60 28 Mr
1641 6830 285 31 Hobler.—The
1951 6824 170 33 venerable
2150 6819 52 33 Mr
2222 6819 137 35 Hobler,

1287 6879 74 28 who
1378 6887 63 20 was
1458 6874 85 30 clerk
1562 6882 30 22 at
1611 6874 54 30 the
1687 6877 151 28 Mansion
1858 6876 110 28 House
1997 6871 44 30 54
2068 6876 104 33 years,
2200 6865 74 30 died
2291 6874 52 27 yes-

1290 6924 110 36 terday
1417 6920 146 36 morning
1583 6924 30 24 at
1633 6920 52 30 his
1702 6923 162 27 residence
1882 6920 33 28 in
1942 6917 140 35 Queen's
2112 6913 91 33 Row,
2224 6909 13 30 I
2250 6915 93 24 enton-

1288 6967 85 30 ville.
1424 6964 49 30 He
1490 6972 66 19 was
1573 6962 31 30 in
1625 6964 50 30 his
1704 6965 79 28 80th
1813 6973 85 30 year.
1946 6962 47 31 He
2024 6961 63 30 bad
2115 6957 74 36 only
2217 6954 143 36 recently

1287 7013 129 31 retired,
1433 7009 61 28 and
1515 7006 47 28 his
1581 7011 135 33 portrait
1737 7011 60 27 had
1819 7009 112 28 within
1950 7017 16 19 a
1986 7005 60 30 few
2065 7002 104 31 weeks
2187 7005 71 33 past
2276 7000 83 27 been

1288 7054 90 39 hung
1394 7063 44 30 up
1454 7054 31 28 in
1506 7052 54 28 the
1569 7049 224 41 justice-room
1819 7060 31 22 at
1880 7055 54 27 the
1964 7049 148 31 Mansion
2142 7044 123 33 House,
2294 7052 33 19 as
2345 7052 17 19 a

1288 7101 91 27 mark
1398 7099 36 28 of
1452 7101 126 33 respect
1597 7094 46 31 for
1660 7098 50 28 his
1735 7098 77 39 long
1838 7087 153 50 services,
2000 7090 183 38 —Morning
2197 7087 121 31 Herald
2331 7087 44 39 of

1293 7143 142 38 Tuesday.

1334 7189 68 28 The
1420 7189 191 27 monument
1631 7186 106 30 which
1753 7186 55 30 the
1827 7186 154 38 Emperor
1994 7183 35 30 of
2043 7178 118 35 Russia
2175 7178 57 28 has
2244 7178 117 28 caused

1291 7236 31 24 to
1340 7235 38 27 be
1395 7230 123 30 erected
1539 7236 30 20 at
1589 7228 134 35 Kowno,
1737 7233 30 27 in
1784 7228 291 31 commemoration
2090 7225 35 28 of
2139 7224 54 30 tbe
2205 7227 113 25 events
2332 7224 33 28 of

1293 7276 98 33 1812.
1411 7285 63 19 was
1491 7274 213 36 inaugurated
1723 7285 41 19 on
1794 7276 57 28 the
1882 7274 77 30 10th
1989 7276 36 28 of
2052 7269 194 31 November,

1290 7320 220 30 construciion
1528 7317 28 28 is
1573 7318 35 27 of
1639 7320 83 36 huge
1750 7320 82 35 size,
1858 7320 61 28 and
1946 7328 41 20 on
2019 7317 52 30 the
2101 7317 85 28 front
2206 7321 50 20 are
2276 7312 90 30 these

1294 7365 115 31 words,
1430 7364 93 28 taken
1539 7361 80 28 from
1635 7364 54 27 the
1704 7364 159 38 Emperor
1876 7364 213 28 Alexander's
2101 7361 66 28 first
2183 7357 184 36 manifesto,

1293 7419 39 19 on
1350 7411 55 27 the
1422 7406 139 39 opening
1573 7406 35 27 of
1624 7406 54 28 the
1691 7408 139 28 Russian
1843 7408 167 36 campaign
2117 7405 69 28 God
2202 7403 25 28 is
2241 7402 126 38 against

1294 7454 54 27 the
1364 7460 167 30 aggressor
1594 7452 63 27 and
1674 7460 41 17 on
1734 7452 55 27 the
1816 7449 150 36 opposite
1995 7449 83 33 side,
2213 7449 54 25 the
2293 7457 76 25 year

1296 7496 85 30 1812
1414 7501 57 25 not
1494 7498 61 25 less
1586 7494 77 28 than
1698 7493 143 35 700,000
1869 7491 120 28 hostile
2016 7496 110 30 troops
2154 7490 146 36 perished
2332 7490 31 27 in

1296 7539 128 38 Russia,
1449 7539 61 30 and
1539 7539 76 38 only
1646 7537 121 33 70,000
1797 7543 85 20 were
1909 7535 71 27 able
2005 7539 33 22 to
2065 7540 113 28 escape
2195 7531 82 28 from
2298 7531 69 28 that

1293 7591 134 31 country
1446 7581 33 31 !''

1340 7630 90 28 Post
1446 7630 124 30 Office
1591 7617 454 39 Arrangements.—There
2072 7619 25 27 is
2128 7627 39 20 an
2197 7617 112 30 article
2334 7619 35 30 of

1298 7685 88 19 news
1400 7676 31 28 in
1444 7671 205 41 yesterday's
1663 7665 161 35 Chronicle,
1835 7663 124 30 headed
1978 7668 19 13 11
2014 7663 13 27 1
2043 7660 143 41 rojected
2202 7663 145 38 Improve-

1298 7726 104 24 ments
1419 7720 33 28 in
1469 7720 55 30 the
1543 7717 76 31 Po-t
1797 7707 104 30 which
1931 7707 145 36 formally
2104 7712 104 22 states
2227 7717 14 17 a
2261 7707 88 30 deter-

1298 7764 157 30 mination
1485 7765 31 28 of
1535 7762 54 30 the
1619 7756 102 31 Lords
1737 7753 35 30 of
1797 7753 55 28 the
1879 7751 159 36 Treasury
2063 7748 104 30 which
2189 7750 57 28 has
2263 7750 50 30 led
2337 7757 31 22 to

1301 7809 52 28 the
1375 7808 142 38 forming
1535 7817 17 19 a
1570 7802 98 33 board
1694 7800 35 30 of
1745 7797 101 31 heads
1863 7794 35 30 of
1917 7794 225 39 departments
2164 7792 33 30 in
2217 7794 54 28 the
2290 7794 77 30 Post

1299 7852 101 30 Office
1416 7854 263 28 establishment,
1696 7846 38 36 by
1756 7844 52 27 the
1833 7835 372 36 Postmaster-General,
2224 7838 61 27 and
2312 7838 57 28 the

1298 7898 180 30 resolution
1510 7906 30 20 to
1556 7898 104 35 Jcarry
1679 7890 69 28 into
1776 7883 96 30 effect
1901 7893 16 17 a
1937 7885 88 33 great
2055 7885 124 31 variety
2205 7879 38 30 of
2258 7882 110 36 thmgs

1299 7940 115 30 within
1435 7950 17 20 a
1469 7940 61 30 few
1562 7937 142 31 months,
1731 7931 79 28 such
1843 7937 33 17 as
1904 7926 77 28 have
2014 7923 82 27 been
2115 7924 249 28 recommended

1301 7986 77 27 from
1400 7984 79 28 time
1509 7991 31 24 to
1561 7984 77 28 time
1657 7981 38 35 by
1721 7986 16 16 a
1756 7970 165 31 notorious
1953 7967 164 39 projector
2142 7975 33 20 in
2194 7967 113 36 regard
2337 7973 31 22 to

1301 8028 77 28 Post
1402 8028 101 28 Office
1531 8030 118 28 affairs.
1701 8019 58 30 We
1789 8016 82 30 have
1899 8011 93 30 made
2022 8019 132 28 inquiry
2183 8019 36 20 as
2250 8017 31 22 to
2312 8011 57 30 tbe

1299 8074 222 35 authenticity
1539 8074 36 28 of
1589 8071 65 30 this
1672 8072 99 24 news,
1803 8057 60 30 and
1883 8063 24 22 .t
1926 8060 91 25 turns
2041 8060 55 22 out
2115 8052 68 30 that
2200 8063 88 20 some
2307 8063 61 20 one

1301 8123 83 22 must
1402 8117 83 28 have
1506 8120 80 28 been
1605 8112 131 43 playing
1764 8115 16 19 °
1786 8104 24 30 ff
1824 8112 17 19 a
1858 8102 82 27 hoax
1959 8109 17 19 u
1983 8109 19 28 P
2006 8107 39 19 on
2054 8142 9 13 i
2065 8106 58 20 our
2150 8098 129 30 zealous
2294 8107 50 20 ex-

1301 8165 194 30 temporary.
1542 8162 71 31 The
1631 8154 101 30 whole
1750 8150 187 30 statement,
1954 8145 80 27 from
2054 8142 181 39 beginning
2252 8150 31 22 to
2296 8145 76 33 end,

1301 8203 27 30 is
1348 8214 16 19 a
1383 8214 87 19 mere
1488 8203 200 31 fabrication,
1707 8194 60 33 and
1795 8194 55 27 not
1868 8189 74 35 only
1961 8194 54 20 are
2035 8183 52 30 the
2106 8191 132 22 matters
2257 8194 36 20 so
2310 8186 44 28 cir-

1301 8252 219 27 cumstantial!
1528 8261 16 20 v
1562 8243 142 36 detailed
1723 8244 55 25 not
1797 8243 82 25 true,
1898 8233 55 27 but
1972 8230 90 28 there
2080 8238 27 19 .3
2129 8238 41 19 no
2187 8230 132 28 shadow
2339 8228 35 30 of

1302 8291 189 31 foundation
1512 8296 47 28 for
1578 8294 52 28 the
1646 8287 189 39 conjecture
1852 8277 71 30 that
1940 8274 146 41 possibly
2110 8271 79 41 they
2208 8274 106 39 might
2331 8274 39 30 be

1301 8342 80 25 true.
1386 8339 183 36 —Morninq
1586 8337 80 30 Post.
2132 8359 8 6 .
2274 8359 8 11 ,
2321 8362 8 8 .

1346 8381 169 31 Murder
1528 8391 43 22 of
1589 8391 20 20 a
1627 8372 258 36 Gamekeeper
1901 8362 197 28 -Between
2112 8361 90 36 eight
2219 8359 63 31 and
2299 8370 72 20 nine

1301 8427 121 28 o'clock
1449 8438 39 19 on
1517 8428 113 36 Friday
1660 8419 134 33 evening
1822 8411 101 33 week,
1939 8408 52 28 the
2019 8411 109 31 report
2142 8406 36 27 of
2191 8416 17 19 a
2224 8416 66 28 gun
2310 8416 63 19 was

1302 8471 94 28 heard
1417 8474 39 35 by
1476 8472 54 28 the
1542 8469 197 31 inhabitants
1753 8460 35 27 of
1803 8454 159 36 Bramley,
1981 8449 192 39 apparently
2194 8458 74 28 very
2287 8460 85 25 near,

1304 8517 55 28 but
1378 8524 90 20 some
1487 8526 132 30 persons
1631 8509 120 36 having
1769 8504 79 28 been
1865 8498 153 33 shooting
2035 8501 30 22 at
2080 8504 38 19 an
2132 8493 61 30 owl
2211 8493 146 35 frequent-

1304 8561 28 36 ly
1353 8561 120 36 before,
1496 8572 41 19 no
1561 8557 126 33 further
1701 8550 107 31 notice
1827 8551 63 19 was
1912 8540 107 30 taken.
2066 8539 50 28 On
2135 8539 55 28 the
2209 8540 99 28 folio-
2323 8550 52 28 mg

1304 8605 161 36 morning,
1482 8606 159 28 however,
1658 8608 16 20 a
1691 8589 143 36 dreadful
1854 8583 157 39 spectacle
2030 8584 167 35 presented
2214 8584 91 28 nself
2320 8594 38 28 up-

1304 8658 39 17 on
1375 8649 52 27 the
1455 8649 192 30 canal-lOck.
1676 8638 101 31 which
1808 8635 27 27 is
1860 8635 71 36 just
1948 8633 31 24 at
2000 8628 54 27 the
2074 8627 79 30 back
2172 8627 33 30 of
2224 8628 151 38 Bramley

1304 8694 115 33 Street,
1435 8694 55 28 the
1507 8696 82 35 body
1606 8690 35 30 of
1650 8687 31 33 J.
1699 8679 165 35 Edwards,
1880 8671 214 41 gamekeeper
2112 8677 33 24 to
2165 8671 80 30 Lord
2261 8674 98 28 Grant-

1304 8740 61 36 ley,
1392 8737 120 38 having
1542 8742 76 25 been
1646 8728 112 35 found,
1787 8723 71 27 who
1883 8718 60 28 had
1967 8718 79 27 been
2069 8717 76 30 shot
2164 8718 137 38 through
2321 8720 55 28 the

1304 8786 79 25 head
1400 8794 11 25 ;
1430 8786 61 25 and
1523 8786 22 25 it
1564 8789 66 20 was
1652 8775 129 31 evident
1811 8767 69 27 that
1907 8761 54 30 the
1989 8770 65 27 gun
2080 8767 88 24 must
2181 8762 98 30 Tiave
2298 8764 79 30 been

1306 8827 72 27 he'd
1394 8827 87 28 close
1506 8833 31 24 to
1565 8827 80 30 him,
1672 8827 31 22 as
1734 8814 49 30 his
1809 8808 80 30 head
1913 8813 65 20 was
2005 8805 192 39 shock.ngly
2217 8808 161 39 mangled.

1304 8871 107 27 There
1428 8882 65 17 was
1510 8882 41 19 no
1567 8868 197 39 appearance
1780 8857 35 27 of
1830 8863 16 19 a
1863 8857 87 31 great
1970 8850 156 58 struggle,
2143 8854 61 25 and
2222 8863 16 19 a
2257 8854 71 35 pool
2346 8854 33 28 of

1306 8917 93 27 blood
1417 8921 31 24 at
1466 8926 90 19 some
1578 8915 142 27 distance
1737 8904 82 27 from
1846 8898 52 28 the
1915 8893 83 35 lock,
2016 8893 61 28 and
2094 8896 137 28 another
2250 8898 71 39 pool
2348 8896 35 30 of

1307 8961 93 28 blood
1417 8961 94 28 about
1528 8959 154 31 midway,
1698 8945 102 31 which
1816 8945 20 25 it
1858 8948 61 20 was
1939 8939 161 36 supposed
2117 8948 63 20 was
2200 8942 107 28 where
2326 8943 54 28 the

1309 9005 180 30 murderers
1517 9002 115 33 res'ed,
1658 9005 31 20 as
1720 8987 156 33 Edwards
1902 8991 63 20 was
1992 8991 19 17 a
2038 8983 88 35 large
2159 8986 102 38 heavy
2294 8995 85 20 man.

1307 9049 94 28 Since
1422 9050 126 35 writing
1576 9047 54 27 the
1649 9043 110 28 above,
1773 9044 17 19 a
1816 9038 74 22 man
1912 9028 57 27 has
1986 9027 80 27 been
2093 9030 227 35 apprehended
2340 9041 39 19 on

1309 9093 176 38 suspicion,
1502 9093 68 28 well
1586 9091 117 27 known
1720 9090 33 19 as
1770 9087 16 19 a
1803 9074 148 38 poacher,
1967 9071 61 27 and
2043 9079 41 19 on
2102 9072 109 28 whose
2224 9076 157 36 premises

1310 9146 65 17 was
1402 9137 99 30 found
1531 9146 16 19 a
1565 9132 113 35 bloody
1694 9124 102 31 frock.
1844 9117 14 30 1
1871 9118 71 27 here
1961 9123 65 20 was
2052 9115 68 30 also
2135 9126 88 20 some
2252 9124 128 24 mutton

1309 9183 170 28 concealed
1496 9181 60 28 and
1583 9178 167 30 fire-arms.
1906 9202 19 6 _
2013 9202 9 16 ,
2102 9203 11 5 _
2197 9205 8 9 ,
2235 9206 31 11 „
2290 9208 8 9 ,

1356 9227 35 28 B'
1405 9231 101 22 tween
1528 9225 38 28 12
1583 9220 60 31 and
1668 9220 11 25 1
1709 9208 121 36 o'clock
1847 9213 39 20 on
1906 9202 173 39 Saturday,
2094 9203 121 41 Joseph
2236 9206 146 35 Dobson,

1313 9271 71 27 who
1403 9279 63 19 was
1487 9271 43 28 25
1556 9274 93 30 years
1666 9260 35 30 of
1726 9263 68 30 age,
1813 9260 63 19 was
1893 9249 153 28 executed
2066 9249 118 30 behind
2202 9252 55 28 the
2274 9252 107 28 Castle

1313 9321 30 22 at
1362 9315 85 28 York
1487 9317 46 25 for
1556 9313 52 27 the
1627 9304 101 31 wilful
1756 9296 129 31 murder
1902 9293 35 30 of
1964 9293 49 27 his
2038 9291 115 38 father,
2172 9296 43 36 by
2231 9296 151 38 shooting

1315 9361 66 27 him
1402 9364 30 24 at
1452 9359 113 30 Mount
1580 9354 115 30 Tabor,
1712 9353 74 22 near
1805 9337 142 33 Halifax,
1964 9345 39 19 on
2024 9337 54 28 the
2093 9337 57 30 4th
2169 9337 36 30 of
2216 9339 77 39 July
2312 9339 71 31 last.

1359 9403 72 28 The
1450 9398 180 35 distressed
1649 9400 85 24 state
1761 9386 36 30 of
1811 9384 54 28 the
1885 9381 247 31 needlewomen
2150 9383 35 30 of
2202 9383 135 30 London
2356 9394 27 19 is

1315 9446 145 36 excitiug
1487 9449 83 33 deep
1602 9430 274 41 commiseration.
1921 9427 247 38 Subscriptions
2194 9427 83 31 have
2304 9431 77 27 been

1317 9493 135 28 entered
1474 9493 68 28 iuto
1564 9490 46 30 (or
1628 9485 83 31 their
1737 9474 106 35 relief.

2477 1085 121 30 Death
2620 1096 39 19 of
2685 1085 61 30 Sir
2765 1083 153 31 Franci9
2940 1080 287 33 Burdett—Wo
3244 1088 107 35 regret
3370 1091 33 24 to
3420 1091 87 25 state

2433 1129 68 30 that
2518 1131 52 30 Sir
2586 1129 132 31 Francis
2739 1129 139 30 Burdett
2893 1126 77 30 died
2998 1135 39 20 on
3058 1128 54 28 the
3134 1129 151 38 morning
3302 1129 38 30 of
3351 1129 151 41 Tuesday

2430 1173 74 35 last,
2523 1181 31 24 at
2573 1176 72 27 four
2661 1173 137 35 o'clock,
2817 1173 33 28 in
2869 1170 35 30 St
2921 1169 142 31 James's
3082 1170 112 36 Place,
3211 1172 123 41 having
3348 1173 156 33 survived

2430 1217 91 41 Lady
2543 1219 137 30 Burdett
2696 1217 77 39 only
2791 1216 117 31 eleven
2926 1214 91 38 days.
3065 1214 50 30 He
3140 1225 66 20 was
3231 1217 35 30 in
3283 1217 50 31 his
3354 1225 150 36 seventj.

2428 1261 106 31 fourth
2554 1274 90 30 year,
2660 1263 121 33 having
2808 1260 80 30 been
2918 1258 77 30 born
3014 1261 30 27 in
3066 1260 96 31 1770#
3214 1260 61 31 His
3307 1271 71 31 eon,
3397 1265 106 39 Major

2430 1306 134 38 Robert,
2584 1318 71 19 now
2682 1307 50 28 Sir
2751 1304 124 30 Robert
2891 1302 153 39 Burdett,
3063 1306 162 31 succeeds
3250 1312 31 25 to
3302 1307 54 30 the
3375 1309 124 30 Baron,

2425 1357 88 31 etcy.
2559 1353 31 31 It
2617 1353 27 28 is
2663 1362 14 19 a
2696 1350 145 39 singular
2860 1348 61 30 and
2943 1350 205 39 melancholy
3167 1354 79 35 fact,
3263 1353 69 30 that
3350 1354 57 30 the
3427 1356 76 28 hon.

2425 1395 143 31 Baronet
2586 1395 117 33 should
2721 1397 82 28 have
2835 1392 72 30 died
2928 1403 39 22 on
2997 1395 55 30 the
3082 1406 77 28 very
3181 1395 61 38 day
3263 1397 87 31 fixed
3369 1397 49 31 for
3444 1400 58 28 the

2425 1441 124 30 funeral
2578 1441 175 39 obsequies
2778 1438 35 30 of
2828 1436 93 41 Lady
2951 1438 151 36 Burdett,
3118 1438 109 31 which
3258 1450 87 20 were
3376 1449 33 22 to
3427 1443 74 30 take

2424 1485 91 38 place
2534 1496 41 19 on
2592 1487 151 35 Tuesday
2762 1488 30 24 at
2813 1482 198 38 Rnmsbury,
3030 1483 31 27 in
3082 1482 186 30 Wiltshire.

2469 1532 27 25 A
2512 1529 137 30 Young
2669 1529 85 30 Man
2773 1528 170 28 Stabbed
2961 1532 50 22 by
3027 1532 61 22 his
3104 1532 82 22 own
3206 1526 293 35 Brother.—On

2422 1573 118 38 Friday
2559 1575 74 35 last,
2647 1584 17 19 a
2682 1573 113 36 family
2813 1573 117 27 named
2945 1572 120 27 Glaves
3091 1570 183 36 consisting
3293 1572 36 28 of
3350 1581 17 20 a
3386 1575 113 28 widow

2424 1619 60 28 and
2501 1619 121 30 several
2639 1619 157 33 children,
2814 1617 71 27 who
2904 1616 104 28 reside
3025 1614 31 28 in
3088 1613 175 30 Henrietta
3291 1616 117 38 Street,
3430 1619 52 30 Bir-

2422 1665 181 36 mingham,
2622 1672 82 19 were
2723 1669 30 22 at
2780 1663 126 30 dinner,
2935 1660 91 28 when
3055 1658 55 28 the
3137 1663 227 28 conversation
3384 1666 115 27 turned

2425 1717 82 28 upon
2528 1710 54 27 the
2600 1707 170 38 providing
2787 1706 33 28 of
2847 1712 90 22 some
2965 1702 128 30 articles
3121 1701 35 28 of
3184 1704 143 41 wearing
3356 1709 143 38 apparel,

2419 1751 63 30 and
2501 1754 24 27 it
2543 1751 159 41 appeared
2723 1751 102 28 words
2838 1757 90 20 arose
2945 1748 143 28 between
3115 1746 55 27 the
3197 1746 106 31 eldest
3329 1759 72 28 son,
3419 1754 80 38 aged

2422 1797 54 36 22,
2491 1797 63 28 and
2572 1806 16 19 a
2606 1797 143 33 brother,
2769 1795 41 30 17
2825 1803 91 30 years
2932 1792 66 36 old,
3016 1791 91 28 when
3128 1792 57 27 the
3202 1791 96 33 latter
3315 1795 142 41 plunged
3482 1808 17 19 a

2422 1841 88 30 knife
2529 1843 68 28 into
2614 1841 54 28 the
2685 1841 161 28 abdomen
2865 1838 35 28 of
2924 1836 55 30 the
3009 1835 142 35 former;
3186 1836 55 28 the
3271 1847 110 31 young
3400 1841 99 30 man's

2419 1887 169 28 intestines
2606 1885 156 36 instantly
2792 1882 186 39 protruded.
3025 1880 71 27 The
3123 1888 77 27 poor
3227 1882 106 30 fellow
3364 1885 74 30 died
3466 1893 31 24 at

2419 1929 61 30 five
2496 1929 123 31 o'clock
2638 1929 55 30 the
2709 1934 77 25 next
2803 1926 164 41 morning.
3017 1923 11 31 1
3041 1926 39 27 lie
3110 1921 164 33 fratricide
3293 1937 63 19 was
3381 1929 94 31 imme-

2417 1973 120 39 diately
2554 1975 96 36 given
2669 1975 68 28 into
2753 1973 151 38 custody.
2951 1970 28 30 A
2995 1970 172 28 Coroner's
3186 1969 131 39 inquest
3334 1973 58 30 has
3417 1976 79 28 been

2419 2019 88 36 held,
2523 2020 61 28 and
2605 2028 16 19 a
2638 2019 121 30 verdict
2775 2017 36 30 of
2827 2014 250 38 Manslaughter
3093 2014 167 30 returned.

2466 2063 28 30 A
2523 2063 101 30 letter
2652 2065 83 28 from
2767 2060 202 31 Alexandria
2992 2063 118 30 states,
3135 2057 68 28 that
3224 2058 145 33 Ibrahim
3387 2061 109 31 Pacha

2419 2107 58 30 has
2494 2107 150 31 confided
2677 2109 54 28 the
2746 2107 175 30 education
2940 2102 35 31 of
3000 2104 49 28 bis
3068 2110 76 20 sons
3159 2104 35 25 to
3211 2110 16 19 a
3247 2101 129 33 learned
3398 2107 80 30 Euro-

2419 2162 83 30 pean
2529 2151 277 36 mathematician,
2827 2150 47 31 M.
2902 2148 191 36 Othamare,
3118 2145 74 30 who
3209 2146 134 31 studied
3367 2150 128 33 several

2419 2206 96 28 years
2532 2198 33 28 in
2584 2197 104 31 Paris.
2734 2197 80 28 This
2830 2195 43 36 is,
2891 2203 47 20 we
2956 2192 143 36 believe,
3112 2191 55 30 the
3186 2189 69 30 first
3272 2192 80 30 time
3370 2195 71 31 that
3457 2208 39 19 an

2419 2241 173 39 European
2611 2247 87 24 tutor
2724 2239 60 31 has
2811 2241 82 30 been
2912 2239 121 30 chosen
3050 2238 41 38 by
3110 2246 19 20 a
3146 2235 217 33 Mabomedan
3381 2241 115 38 prince

2420 2285 46 30 for
2488 2287 55 28 the
2562 2285 175 30 education
2756 2285 35 30 of
2806 2285 52 28 his
2874 2283 162 31 children.

2463 2331 134 28 Colonel
2611 2331 167 38 Sibthorp,
2797 2329 102 35 M.P.,
2915 2329 58 30 has
2992 2323 181 33 forwarded
3294 2329 33 25 to
3343 2326 57 33 the
3417 2329 61 30 Lin-

2419 2375 72 30 coln
2513 2375 61 30 and
2603 2373 143 41 Lindsey
2767 2372 220 43 Agricultural
3014 2370 186 33 Protection
3225 2367 142 41 Society,
3384 2386 16 20 a
3403 2384 14 20 s
3444 2375 52 31 his

2419 2419 224 30 contribution
2669 2420 33 27 in
2729 2419 52 30 aid
2806 2417 35 31 of
2858 2419 54 30 the
2940 2417 124 41 objects
3088 2416 27 31 it
3142 2416 58 30 has
3224 2414 33 30 in
3277 2414 30 28 vi
3312 2419 173 31 ew._Z)on

2416 2468 94 27 caster
2524 2466 131 30 Gazette.

2463 2509 244 31 Importation
2729 2517 44 24 op
2792 2509 186 31 American
3002 2504 276 35 Oysters.—We
3299 2504 197 36 wi'rstand

2419 2554 69 30 that
2515 2565 19 19 a
2561 2559 106 33 pretty
2680 2556 161 28 extensive
2857 2556 101 28 traffic
2978 2554 33 27 in
3027 2557 121 35 oysters
3173 2554 25 27 is
3214 2562 71 19 now
3301 2553 121 28 Girriod
3452 2564 41 20 on

2417 2597 142 31 between
2578 2597 61 31 this
2655 2602 134 35 country
2805 2598 65 30 and
2888 2597 157 31 America-
3093 2595 137 38 Strange
3247 2595 120 38 though
3384 2597 25 28 it
3425 2606 69 30 may

2417 2650 128 30 appear,
2573 2641 63 28 still
2663 2643 25 27 it
2715 2643 25 27 is
2764 2641 211 28 nevertheless
3003 2644 83 30 true,
3112 2641 69 27 that
3208 2644 118 31 oysters
3353 2649 54 17 are
3422 2649 71 17 now

2417 2685 156 39 regularly
2591 2685 154 38 imported
2762 2685 65 28 into
2854 2683 164 38 Liverpool
3044 2683 39 38 by
3101 2682 54 30 the
3173 2682 77 28 New
3269 2680 90 30 York
3384 2682 63 28 line
3461 2682 35 28 of

2417 2729 139 39 packets.
2603 2729 66 30 The
2685 2732 118 36 oysters
2819 2737 52 20 are
2888 2732 58 35 put
2965 2728 31 28 in
3016 2726 102 35 tanks,
3134 2726 65 28 and
3224 2724 52 30 fed
3293 2734 38 20 on
3350 2723 54 31 the
3422 2732 52 30 pas-

2416 2784 83 28 sage,
2515 2775 63 30 and
2608 2784 87 19 serve
2721 2773 49 30 for
2784 2778 71 33 part
2871 2773 33 30 of
2924 2773 54 28 the
2995 2772 113 28 ballast
3135 2770 35 30 of
3184 2770 54 30 the
3255 2769 120 31 vessels.
3424 2769 68 28 The

2417 2819 167 30 American
2603 2819 151 30 shell-fish
2770 2817 128 31 alluded
2913 2819 33 28 to
2970 2825 55 20 are
3052 2816 47 30 far
3115 2814 104 41 larger
3241 2814 77 30 than
3348 2813 55 30 the
3430 2811 46 31 far-

2414 2861 104 31 famed
2546 2863 202 39 Carlingford
2776 2866 131 36 oysters,
2921 2860 104 31 which
3041 2860 79 28 have
3148 2863 33 25 to
3197 2858 39 30 be
3252 2858 169 38 quartered
3438 2866 52 20 ere

2414 2907 74 38 they
2520 2917 58 20 can
2606 2909 38 28 be
2671 2912 102 25 eaten.
2827 2907 90 38 They
2945 2915 55 20 are
3024 2904 113 39 selling
3162 2907 35 25 at
3224 2907 126 33 present
3375 2902 31 28 in
3436 2901 54 31 the

2416 2950 162 39 Liverpool
2605 2953 123 28 market
2754 2956 35 27 at
2816 2951 36 30 4s
2879 2961 55 30 per
2961 2950 157 31 hundred.
3121 2948 134 30 —Leeds
3282 2945 206 39 Intelligencer.

2417 2994 60 30 We
2491 2995 65 30 fear
2570 3006 60 19 our
2644 3000 241 36 contemporary
2901 2997 25 28 is
2943 3005 109 28 wrong
3074 2995 31 27 in
3123 2992 65 31 this
3208 2994 117 36 report.
3373 2991 57 28 We
3449 2991 39 28 do

2414 3043 55 25 not
2485 3038 66 30 find
2567 3041 69 28 that
2654 3041 54 28 the
2723 3041 186 30 Americans
2923 3041 77 28 have
3017 3043 52 35 yet
3083 3041 71 27 sent
3169 3047 61 27 any
3243 3036 33 28 of
3288 3035 82 28 their
3381 3035 90 38 gigan-

2416 3082 43 28 tic
2474 3087 118 33 oysters
2608 3083 117 38 hither,
2742 3085 121 39 though
2882 3094 44 20 we
2943 3085 41 30 do
2998 3087 57 27 not
3071 3093 50 19 see
3137 3082 71 38 why
3222 3080 52 30 the
3290 3079 69 28 hint
3375 3077 113 30 should

2414 3129 57 25 not
2498 3126 38 28 be
2564 3126 106 30 taken.
2729 3129 148 30 Lobsters
2899 3129 35 30 of
2956 3137 167 22 enormous
3145 3126 61 30 size
3233 3134 52 20 are
3313 3123 173 28 sometimes

2414 3169 140 38 brought
2569 3180 74 20 over
2658 3172 31 28 in
2718 3173 55 30 the
2789 3178 162 30 steamers,
2969 3173 61 30 and
3047 3181 58 20 our
3132 3167 219 33 transatlantic
3370 3167 118 30 friends

2414 3211 104 38 oblige
2534 3222 36 19 us
2586 3214 209 41 occasionally
2809 3217 76 30 with
2901 3217 79 30 such
2997 3216 140 31 luxuries
3150 3224 35 20 as
3200 3214 271 33 venison,canvass-

2414 3255 121 28 backed
2559 3257 113 35 ducks,
2694 3258 58 30 &c.
2800 3260 71 30 The
2898 3261 113 35 ducks,
3036 3261 156 31 however,
3216 3258 57 28 but
3296 3255 112 36 rarely,
3427 3255 60 28 and

2414 3299 55 28 the
2485 3299 126 28 venison
2628 3304 57 25 not
2701 3301 33 28 in
2750 3310 61 30 any
2827 3309 90 31 great
2932 3299 400 41 abundance.—Liverpool
3345 3298 118 31 Albion.

2458 3340 124 31 Death
2603 3351 41 20 of
2660 3343 121 30 Count
2802 3346 205 30 Mazzinghi
3167 3348 145 27 eminent
3331 3343 154 30 musician

2413 3386 61 28 and
2490 3395 170 30 composer
2672 3386 76 31 died
2765 3398 41 20 on
2824 3391 54 28 the
2893 3392 77 28 15th
2986 3395 87 28 inst.,
3093 3392 80 36 aged
3191 3392 55 35 79,
3260 3395 31 24 at
3310 3389 176 28 Downside

2413 3430 151 39 College,
2586 3439 77 20 near
2693 3430 101 39 Bath,
2822 3435 109 30 where
2948 3436 41 30 he
3008 3436 63 30 had
3094 3444 85 30 gone
3198 3444 33 22 to
3250 3433 77 33 visit
3345 3433 50 30 his
3413 3431 71 39 only

2411 3483 71 22 son.

2458 3520 28 28 A
2515 3523 91 36 great
2635 3518 161 39 curiosity
2822 3520 58 31 has
2909 3523 102 33 lately
3038 3523 82 31 been
3148 3523 194 31 discovered
3373 3521 31 30 in
3430 3521 55 30 the

2409 3562 121 41 library
2548 3565 36 30 of
2606 3565 187 28 Emmanuel
2813 3565 150 39 College,
2980 3569 209 38 Cambridge.
3236 3573 27 25 A
3282 3570 72 36 play
3373 3576 38 20 on
3433 3567 54 30 the

2411 3609 126 39 subject
2554 3608 33 31 of
2614 3608 143 31 Richard
2776 3609 77 35 111.,
2871 3611 132 30 written
3028 3614 31 27 in
3082 3611 107 38 Latin,
3213 3616 61 27 and
3291 3611 194 30 antecedent

2413 3660 31 25 to
2460 3655 195 38 Shakspere.
2701 3655 31 30 It
2750 3654 58 31 has
2825 3657 82 28 been
2926 3655 151 41 liberally
3094 3657 68 28 lent
3183 3663 31 24 to
3233 3658 54 28 the
3304 3658 181 38 Shakspere

2411 3699 143 41 Society,
2572 3701 76 31 with
2666 3699 192 41 permission
2877 3706 33 27 to
2928 3701 180 31 transcribe
3126 3704 35 28 it.

2458 3745 128 31 Letters
2619 3748 82 28 from
2721 3745 134 39 Odessa,
2885 3745 35 31 of
2946 3748 54 28 the
3030 3746 80 31 28th
3137 3748 60 30 ult.
3224 3751 94 30 state,
3343 3745 68 30 that
3430 3745 52 28 the

2411 3792 99 30 Black
2528 3792 60 30 Sea
2602 3792 61 30 had
2680 3794 134 28 receded
2830 3797 31 25 to
2880 3794 54 28 the
2961 3792 146 30 distance
3121 3794 36 28 of
3173 3792 68 30 half
3257 3802 16 19 a
3291 3795 93 24 werst
3403 3789 79 28 from

2411 3838 54 28 the
2491 3838 109 36 shore,
2631 3838 128 35 leaving
2791 3847 17 19 a
2836 3839 137 28 number
2997 3838 36 30 of
3057 3838 121 30 vessels
3205 3833 154 41 aground.
3405 3833 79 28 Two

2408 3880 118 30 shocks
2543 3880 35 30 of
2598 3891 39 19 an
2668 3882 198 41 earthquake
2896 3891 82 20 were
2997 3882 57 30 felt
3071 3887 33 25 at
3123 3882 129 39 Ragusa
3269 3880 31 30 in
3323 3880 50 28 the
3391 3885 74 22 even-

2408 3926 55 36 ing
2482 3926 36 28 of
2532 3926 52 28 the
2602 3926 79 30 24th
2699 3929 61 27 and
2780 3929 31 27 in
2830 3928 57 28 the
2904 3929 153 33 morning
3072 3926 35 28 of
3123 3928 52 28 the
3194 3926 91 30 25tb.

2455 3970 25 27 A
2499 3969 167 30 Genuine
2682 3969 93 31 Cool
2794 3970 339 30 Yankeeism.—The
3156 3972 206 28 anniversary
3380 3965 33 30 of
3427 3965 55 31 the

2406 4009 137 43 landing
2570 4014 36 28 of
2630 4014 55 27 the
2712 4013 139 39 Pilgrim
2880 4014 156 30 Brothers
3065 4022 66 20 was
3159 4013 183 31 celebrated
3370 4011 38 36 by
3427 4013 54 28 the

2444 4055 82 30 New
2545 4055 146 38 England
2890 4057 33 31 in
2950 4058 85 28 New
3063 4057 106 39 York,
3184 4069 41 19 on
3249 4060 55 30 the
3328 4055 63 31 22d
3409 4055 71 36 ult.,

2411 4099 50 31 Mr
2482 4099 115 35 Adam,
2614 4101 57 28 the
2685 4101 140 28 member
2843 4101 47 31 for
2907 4101 120 39 Leeds,
3044 4112 65 20 was
3128 4109 150 35 amongst
3291 4101 52 31 the
3356 4106 123 33 guests,

2406 4145 63 28 and
2490 4143 60 30 had
2569 4143 50 30 his
2636 4143 109 30 health
2764 4148 159 36 proposed
2943 4148 41 38 by
3003 4146 52 31 Mr
3076 4146 164 38 Webster,
3255 4148 47 30 for
3318 4143 102 31 wbicb
3438 4145 41 28 he

2408 4186 154 31 returned
2581 4186 139 31 suitable
2734 4187 132 35 thanks.
2910 4191 31 31 It
2956 4192 28 30 is
3003 4203 16 19 a
3033 4198 124 24 custom
3173 4200 30 22 at
3222 4192 169 30 American
3403 4187 57 38 pub-

2408 4231 44 30 lic
2469 4230 135 30 dinners
2630 4230 47 30 for
2707 4233 55 30 the
2792 4241 113 33 guests
2932 4244 31 24 to
2981 4238 172 30 volunteer
3170 4233 181 33 occasional
3370 4236 110 25 toasts.

2411 4277 126 35 Among
2554 4277 94 28 those
2666 4276 106 31 which
2797 4280 151 31 followed
2967 4282 54 30 the
3038 4282 110 30 health
3173 4282 36 28 of
3222 4280 55 30 the
3293 4279 76 28 lion,
3386 4283 71 20 mem-

2408 4320 58 28 ber
2482 4320 47 28 for
2545 4320 121 38 Leeds,
2682 4332 47 19 we
2756 4323 68 31 find
2844 4328 54 28 the
2926 4326 167 39 following
3118 4323 175 43 proposed,
3310 4318 170 39 according

2411 4370 30 24 to
2468 4364 54 31 the
2713 4369 41 39 by
2773 4378 16 20 a
2816 4378 96 30 guest
2939 4372 109 28 whose
3072 4380 91 20 name
3184 4378 47 19 we
3250 4375 52 22 are
3320 4373 90 24 sorry
3435 4373 46 19 we

2408 4408 96 31 could
2521 4416 57 25 not
2595 4411 132 31 learn—
2729 4417 8 13 *
2751 4414 69 30 The
2847 4414 83 31 Rev.
2945 4417 124 36 Sidney
3094 4414 106 30 Smith
3228 4409 61 30 and
3310 4406 49 31 his
3378 4406 83 30 Penn-

2408 4455 153 38 sylvania
2589 4455 112 33 Bonds
2717 4469 11 24 ;
2753 4458 94 31 when
2866 4469 134 30 parsons
3017 4458 117 30 dabble
3153 4458 33 27 in
3203 4454 110 31 stocks
3332 4454 77 36 they
3430 4460 52 22 are

2411 4509 74 20 sure
2504 4506 31 25 to
2554 4501 38 30 be
2611 4502 115 30 turned
2745 4504 69 30 into
2831 4499 345 44 laughing-stocks.'"

2455 4545 17 28 'I
2487 4545 76 30 hree
2592 4548 269 39 steam-frigates,
2891 4550 33 28 of
2948 4550 66 28 400
3043 4548 93 28 horse
3169 4551 112 31 power
3309 4539 91 36 each,
3430 4548 54 22 are

2414 4589 161 41 buildiog,
2595 4594 61 28 and
2677 4592 63 30 fast
2757 4592 202 41 proceeding
2978 4592 93 36 with,
3088 4597 31 22 at
3137 4589 36 30 St
3191 4586 216 38 Petersburg.

2543 4699 104 31 USES
2671 4701 99 30 AND
2797 4701 165 31 ABUSES
2991 4698 55 31 OF
3077 4691 282 38 MESMERISM.

2759 4756 113 36 (From
2891 4756 44 30 the
2951 4754 195 38 Examiner.)

2455 4808 74 31 The
2545 4819 209 31 newspapers
2773 4813 80 28 have
2868 4811 79 28 been
2965 4809 94 38 lately
3074 4806 165 39 delighted
3258 4806 41 38 by
3312 4814 16 19 a
3343 4803 124 30 wonder-

2414 4852 44 30 ful
2477 4855 63 28 tale
2556 4855 35 30 of
2606 4857 227 28 mesmerisim.
2879 4854 68 28 The
2970 4854 189 38 subject—a
3178 4852 63 36 boy
3269 4855 31 24 at
3321 4847 167 39 Deptford,

2414 4899 104 28 whom
2540 4910 44 17 we
2602 4901 169 36 recognise
2781 4907 35 20 as
2835 4901 54 27 the
2904 4896 44 30 fat
2970 4899 60 35 boy
3047 4896 35 28 of
3099 4893 167 31 Pickwick
3291 4893 175 31 celebrity-

2411 4943 91 28 could
2523 4950 55 24 not
2597 4945 36 28 be
2652 4943 153 30 wakened
2825 4943 82 28 from
2928 4940 50 30 his
2995 4948 118 25 trance,
3132 4940 61 28 and
3214 4939 80 30 fears
3326 4948 80 20 were
3439 4937 47 30 for

2411 4995 88 20 some
2517 4989 80 28 time
2614 4987 200 30 entertained
2846 4987 69 28 that
2945 4986 39 28 he
3011 4984 107 30 would
3148 4986 88 39 sleep
3261 4986 85 28 what
3365 4984 123 30 Homer

2409 5031 101 28 called
2573 5033 52 27 the
2655 5033 112 28 brazen
2795 5030 90 39 sleep
2946 5030 35 30 of
3000 5031 112 36 death,
3137 5033 63 28 and
3230 5033 58 28 the
3312 5030 126 41 epithet
3463 5030 25 30 is

2413 5085 69 17 now
2499 5076 83 36 good
2602 5077 31 27 in
2650 5077 135 28 another
2811 5079 65 27 and
2902 5085 88 20 more
3020 5079 113 38 vulgar
3164 5088 104 20 sense.
3315 5079 28 30 A
3372 5085 101 22 corres-

2413 5120 142 36 pondent
2572 5121 36 28 of
2622 5121 52 27 (he
2690 5121 151 30 Chronicle
2855 5128 145 24 states—

2452 5173 30 27 It
2499 5173 27 28 is
2542 5173 197 30 remarkable
2753 5175 71 28 that
2838 5175 113 36 during
2967 5175 54 28 the
3038 5175 154 28 influence
3208 5175 35 28 of
3265 5175 54 31 the
3332 5184 88 22 coma
3436 5173 52 30 the

2409 5211 60 35 boy
2487 5214 151 33 appeared
2663 5213 98 35 gifted
2778 5214 74 27 with
2869 5216 54 25 the
2945 5216 117 33 faculty
3083 5216 159 33 generally
3269 5214 217 31 denominated

2740 5252 161 36 Although
2918 5255 38 25 he
2973 5261 93 19 never
3082 5254 58 27 had
3156 5254 113 28 visited
3288 5255 52 30 the
3359 5252 129 33 Painted

2413 5290 74 25 Hall
2504 5293 33 24 at
2553 5290 195 31 Greenwich,
2769 5299 57 19 nor
2841 5291 52 27 the
2915 5291 173 28 exhibition
3115 5293 35 25 of
3172 5291 151 31 Madame
3345 5291 145 33 Tussaud

2411 5328 30 27 in
2458 5328 104 28 Baker
2578 5328 115 35 Street,
2715 5329 151 27 Portman
2883 5331 131 35 Square,
3041 5331 115 35 during
3178 5331 55 28 the
3258 5334 77 28 time
3362 5337 36 27 he
3427 5340 63 22 was

2411 5367 200 28 mesmerised
2627 5367 38 28 he
2680 5369 178 35 accurately
2874 5367 159 28 described
3050 5370 54 27 the
3115 5370 132 27 interior
3261 5373 36 27 of
3307 5373 77 30 both
3402 5375 88 28 these

2409 5406 194 27 exhibitions
2616 5414 8 27 ;
2647 5406 61 28 and
2726 5406 54 28 the
2792 5414 148 28 accuracy
2956 5408 33 27 of
3000 5408 50 28 his
3066 5408 96 28 detail
3178 5409 35 27 of
3225 5409 87 30 them
3331 5422 63 20 was
3409 5411 82 36 truly

2411 5444 189 36 surprising.

2458 5493 85 39 Why
2562 5496 55 28 the
2635 5504 93 20 name
2745 5496 36 28 of
2839 5499 120 27 second
2976 5499 90 38 sight
3123 5499 117 30 should
3266 5501 38 28 be
3332 5502 98 41 given
3458 5507 33 25 to

2411 5539 66 28 first
2494 5539 99 36 sight,
2614 5550 46 19 we
2677 5550 52 19 are
2748 5545 31 24 at
2797 5550 17 20 a
2831 5542 65 28 loss
2913 5546 33 24 to
2964 5543 156 30 discover.
3165 5543 71 30 The
3254 5545 238 33 circumstance

2413 5584 184 27 mentioned
2627 5586 102 28 raises
2759 5586 54 28 the
2841 5586 164 39 question,
3044 5586 162 31 Whether
3238 5600 17 17 n
3285 5592 206 30 mesmerised

2413 5627 124 36 patient
2564 5628 57 28 has
2641 5630 52 28 the
2712 5630 88 39 right
2819 5636 31 22 to
2868 5639 50 19 see
2937 5630 198 30 exhibitions
3159 5633 101 36 gratis
3274 5633 14 30 ?
3339 5636 98 30 What
3466 5635 25 28 is

2413 5676 31 24 to
2463 5671 132 30 become
2611 5674 36 27 of
2663 5674 110 38 public
2792 5674 118 38 places,
2923 5676 25 28 if
2956 5674 112 38 people
3082 5677 80 27 have
3175 5677 76 38 only
3265 5683 31 27 to
3315 5682 39 28 be
3367 5685 124 27 thrown

2411 5715 69 28 into
2496 5724 16 19 a
2532 5721 106 24 trance
2652 5723 31 25 to
2699 5720 80 28 have
2806 5720 82 28 their
2912 5721 255 28 entertainment
3197 5721 65 30 free
3279 5724 33 30 of
3328 5734 139 28 expense
3477 5723 16 28 ?

2413 5759 129 36 People,
2561 5761 126 30 instead
2704 5761 33 31 of
2761 5764 167 36 troubling
2954 5765 195 30 themselves
3180 5773 31 22 to
3239 5776 41 27 go
3312 5778 31 22 to
3373 5772 120 35 Drury-

2414 5802 96 36 Lane,
2529 5806 60 27 and
2609 5811 31 24 to
2660 5813 57 28 put
2734 5808 83 28 their
2847 5808 101 28 hands
2978 5809 30 28 in
3035 5811 83 27 their
3143 5813 118 35 pocket
3288 5822 33 22 at
3351 5816 55 30 the
3433 5820 58 31 pay

2411 5847 90 36 door,
2521 5847 80 30 have
2617 5850 76 38 only
2712 5857 33 24 to
2762 5858 131 33 request
2910 5861 17 20 a
2945 5852 102 30 friend
3072 5858 33 25 to
3129 5855 115 30 favour
3274 5858 88 33 them
3381 5858 76 30 with
3474 5863 19 22 a

2413 5899 72 28 pass
2501 5899 36 20 or
2554 5898 76 28 two,
2655 5896 61 27 and
2734 5899 173 35 composed
2937 5899 39 36 by
3008 5899 82 30 their
3117 5899 172 39 fire-sides,
3304 5906 60 28 and
3383 5902 61 31 fast
3460 5901 31 28 in

2414 5934 82 30 their
2513 5937 202 36 arm-chairs,
2734 5942 76 36 they
2828 5950 74 28 may
2929 5951 54 22 see
3011 5945 55 28 the
3094 5948 184 35 expressive
3298 5946 197 39 pantomime

2411 5980 63 28 and
2488 5981 143 33 graceful
2649 5983 143 39 dancing
2808 5986 36 28 of
2860 5986 135 31 Pauline
3025 5989 139 31 Leroux.
3213 5991 106 39 Every
3346 6003 60 19 one
3424 5997 68 22 now

2414 6022 55 28 has
2487 6022 50 27 his
2554 6025 124 35 private
2696 6028 61 27 box
2775 6030 49 28 for
2839 6038 94 30 every
2962 6033 124 28 theatre
3115 6036 33 27 in
3175 6036 50 28 his
3241 6044 72 22 own
3334 6038 161 28 bedroom.

2414 6068 72 27 And
2504 6074 36 20 as
2559 6071 33 22 to
2608 6069 54 27 the
2688 6069 150 31 faculties
2855 6072 36 28 of
2906 6077 172 27 mesmeric
3093 6077 211 41 clairvoyance,
3329 6080 88 31 there
3436 6085 57 24 can

2414 6112 36 27 be
2469 6118 39 20 no
2526 6112 228 36 geographical
2773 6115 137 33 bounds,
2929 6118 22 27 it
2970 6126 88 22 must
3077 6120 38 28 be
3134 6132 35 19 as
3194 6132 76 28 easy
3301 6128 47 28 for
3367 6126 52 28 the
3436 6124 57 31 boy

2414 6157 30 24 at
2463 6151 157 38 Deptford
2641 6159 31 22 to
2690 6164 50 19 see
2759 6156 54 28 the
2830 6156 91 30 Scala
2937 6164 33 22 at
2992 6161 115 35 Milan,
3123 6173 36 19 or
3178 6167 54 27 the
3258 6167 124 31 French
3402 6175 93 31 opera

2413 6203 31 22 at
2465 6197 99 33 Paris,
2578 6206 35 19 as
2633 6197 151 31 Madame
2802 6200 180 30 Tussaud's
2998 6203 31 30 in
3052 6203 106 33 Baker
3175 6208 118 35 Street.
3342 6214 60 28 We
3420 6219 72 30 may

2413 6249 55 30 say
2485 6241 137 36 literally
2638 6244 38 25 of
2688 6243 55 28 the
2761 6247 167 27 mesmeric
2953 6247 94 36 adept

2586 6283 98 28 Modo
2701 6294 47 17 me
2764 6287 128 36 Thebis,
2907 6290 91 27 modo
3016 6299 47 19 me
3080 6293 90 33 ponit
3192 6296 135 33 Athenis

2413 6323 85 31 That
2515 6323 27 31 is
2559 6329 33 25 to
2617 6334 68 28 say,
2852 6335 87 20 recto
2967 6332 121 28 tractent
3343 6340 31 30 in
3406 6340 88 30 these

2416 6370 117 36 words,
2545 6370 146 38 seeming
2707 6376 33 24 to
2757 6373 82 27 have
2858 6373 197 38 anticipated
3074 6375 55 30 the
3148 6384 173 30 mesmeric
3339 6392 60 25 art.

2461 6416 63 28 But
2543 6417 71 36 why
2638 6417 117 28 should
2770 6417 63 27 this
2847 6416 120 39 faculty
2984 6419 36 28 be
3033 6419 148 31 confined
3195 6428 31 24 to
3241 6427 65 30 idle
3315 6428 181 31 curiosities

2416 6469 35 20 or
2469 6460 285 39 pleasures—why
2772 6461 115 30 should
2906 6461 24 30 it
2950 6468 57 24 not
3022 6466 38 27 be
3079 6469 117 27 turned
3222 6474 33 24 to
3272 6474 109 36 public
3397 6471 99 35 uses?

2417 6504 63 31 For
2496 6507 159 36 instance,
2677 6507 85 30 what
2780 6507 28 31 is
2825 6512 31 25 to
2876 6512 132 33 prevent
3027 6507 54 30 the
3107 6509 161 39 Deptford
3299 6518 74 41 boy,
3386 6520 112 30 James

2417 6550 123 36 Cooke,
2557 6553 80 28 from
2660 6553 200 36 witnessing,
2876 6553 31 25 in
2926 6561 16 19 a
2959 6557 82 24 state
3058 6553 36 28 of
3118 6554 213 43 clairvoyance,
3361 6565 55 28 the
3444 6564 38 28 de-

2417 6595 191 30 liberations
2636 6597 30 28 in
2698 6597 57 28 her
2784 6595 170 38 Majesty's
2983 6597 139 30 Cabinet
3150 6600 187 36 Councils?
3402 6608 98 28 What

2419 6641 107 30 would
2543 6643 54 28 the
2617 6641 93 30 Times
2726 6649 33 22 or
2775 6639 150 31 Chronicle
2940 6639 74 38 give
3031 6641 49 30 for
3096 6644 79 28 such
3192 6655 16 19 a
3222 6655 142 31 reporter
3389 6654 60 28 and
3468 6658 31 24 to

2420 6687 38 28 be
2474 6685 134 30 enabled
2627 6693 31 22 to
2677 6687 49 36 lay
2745 6685 109 30 before
2872 6688 52 27 the
2950 6685 109 38 publio
3085 6696 38 19 an
3156 6699 137 24 account
3320 6698 35 30 of
3378 6699 41 28 all
3447 6699 52 27 the

2419 6731 239 30 consultations
2690 6732 61 27 and
2786 6731 91 36 plans
2906 6729 35 30 of
2970 6731 55 28 the
3058 6729 224 38 Government
3299 6740 14 30 ?
3373 6742 72 30 And
3476 6742 24 28 it

2420 6781 87 24 must
2524 6778 36 27 be
2575 6784 33 19 as
2622 6784 74 30 easy
2713 6776 47 27 for
2778 6775 55 28 the
2852 6775 60 36 boy
2926 6773 110 31 Cooke
3054 6781 33 22 to
3104 6776 96 30 know
3220 6781 87 33 what
3324 6786 28 31 is
3369 6787 131 36 passing

2419 6820 31 28 in
2471 6820 54 28 the
2540 6820 134 28 Cabinet
2691 6819 131 30 Council
2843 6828 35 19 as
2896 6824 31 24 to
2953 6828 52 19 see
3022 6820 55 27 the
3102 6827 176 28 wax-work
3298 6831 35 27 of
3351 6831 150 30 Madame

2422 6863 159 31 Tussaud.
2630 6863 85 38 Nay,
2731 6872 33 20 as
2783 6863 88 30 there
2896 6871 58 20 can
2981 6863 36 30 be
3046 6874 41 20 no
3104 6866 126 30 bounds
3249 6876 33 24 to
3299 6874 55 30 the
3370 6876 131 38 faculty,

2422 6910 74 38 why
2513 6909 113 30 should
2658 6910 39 27 he
2726 6913 55 24 not
2809 6912 176 33 penetrate,
3014 6909 30 28 in
3071 6918 19 19 a
3118 6915 83 25 state
3228 6915 36 27 of
3291 6918 213 41 clairvoyance,

2422 6954 87 30 what
2526 6954 27 28 is
2570 6953 99 36 doing
2688 6954 31 27 in
2739 6954 54 27 the
2808 6951 153 30 Cahinets
2978 6951 35 30 of
3028 6951 90 30 Paris
3135 6956 61 28 and
3231 6956 128 39 Madrid
3375 6965 11 30 1
3433 6965 71 28 The

2422 6997 154 39 difficulty
2606 6998 35 28 of
2671 7000 115 33 seeing
2814 6997 137 27 wi.hout
2983 7006 88 28 eyes,
3101 6997 66 30 like
3198 7002 71 30 that
3301 7009 35 27 of
3364 7011 140 35 walking

2424 7043 139 30 without
2578 7052 17 19 a
2614 7041 93 36 head,
2726 7049 82 22 must
2825 7041 41 28 all
2882 7038 124 31 consist
3035 7041 31 28 in
3098 7043 55 28 the
3181 7044 68 30 first
3280 7055 71 36 step
3364 7066 9 22 ;
3391 7057 61 27 and
3480 7052 27 30 if

2424 7088 54 27 the
2494 7088 61 38 boy
2573 7094 30 24 at
2625 7087 156 38 Deptford
2795 7094 71 22 can,
2885 7085 30 27 in
2934 7083 52 30 his
3002 7087 164 36 magnetic
3181 7088 101 39 sleep,
3313 7104 54 22 see
3386 7096 47 31 for
3452 7099 52 28 the

2424 7131 68 30 first
2509 7132 77 28 time
2606 7131 82 28 what
2707 7131 28 28 is
2751 7129 167 30 exhibited
2937 7129 33 28 in
2989 7131 104 28 Baker
3110 7132 117 33 Street,
3257 7137 39 28 he
3323 7150 72 28 may
3425 7143 77 28 with

2422 7176 93 38 equal
2534 7175 121 38 facility
2676 7175 131 30 witness
2825 7173 83 28 what
2928 7175 25 27 is
2969 7176 132 36 passing
3124 7181 31 24 at
3189 7178 102 30 Rome
3321 7195 33 19 or
3373 7189 30 27 in
3422 7187 80 30 New

2425 7220 153 30 Zealand.
2622 7219 194 36 Travelling
2841 7225 87 22 costs
2953 7219 66 28 him
3050 7220 139 38 nothing
3216 7222 31 28 in
3276 7227 107 33 either
3414 7231 90 33 lime,

2425 7266 132 38 fatigue,
2572 7274 36 19 or
2625 7272 129 28 money.

2471 7310 98 30 What
2587 7318 157 20 nonsense
2762 7309 27 28 is
2806 7307 24 28 it
2849 7315 72 19 now
2940 7310 33 24 to
2989 7307 129 36 employ
3134 7310 115 38 people
3274 7321 33 19 as
3332 7317 151 31 Ambassa-

2424 7356 87 33 dors,
2529 7354 178 31 Ministers,
2721 7353 74 33 &c.,
2806 7353 31 27 in
2850 7353 54 27 the
2915 7353 189 36 diplomatic
3117 7354 175 30 disservice
3307 7353 6 38 !
3359 7362 25 28 A
3406 7362 98 28 dozen

2425 7400 206 28 mesmerised
2652 7398 145 36 potboys,
2814 7395 148 39 sleeping
2984 7397 46 28 for
3047 7406 17 19 a
3083 7397 134 38 shilling
3231 7402 142 38 a.night,
3389 7406 63 30 will
3465 7408 41 28 do

2427 7444 85 27 what
2540 7444 57 27 has
2625 7450 96 19 never
2748 7449 55 28 yet
2833 7441 77 28 been
2942 7443 83 27 done
3054 7443 39 31 by
3121 7443 194 35 diplomatic
3345 7455 115 30 agents

2427 7491 164 30 penetrate
2608 7485 39 28 all
2666 7485 54 27 the
2737 7490 118 22 secrets
2871 7485 33 27 of
2921 7483 123 38 foreign
3072 7485 128 30 Courts.
3246 7487 71 30 The
3334 7493 173 28 mesmeric

2425 7531 112 25 doctor
2556 7528 104 28 would
2680 7529 101 27 throw
2800 7529 83 28 them
2904 7529 68 28 into
2991 7534 135 28 trances,
3145 7529 61 28 and
3228 7529 83 31 Lord
3332 7534 172 30 Aberdeen

2428 7573 104 28 would
2551 7573 76 38 only
2647 7573 79 28 have
2745 7578 31 25 to
2794 7573 57 30 ask
2869 7575 91 28 them
2978 7573 99 30 about
3098 7575 83 28 what
3214 7584 63 20 was
3296 7576 99 36 going
3411 7586 39 20 on
3472 7586 33 22 at

2427 7617 55 28 the
2498 7617 143 30 Chateau
2660 7619 31 28 in
2712 7617 102 38 Paris,
2830 7628 36 19 or
2883 7620 54 27 the
2964 7619 113 30 Palace
3107 7619 33 30 in
3173 7619 139 36 Madrid,
3329 7620 54 28 the
3402 7619 102 35 Court

2427 7663 36 28 of
2477 7661 33 30 St
2529 7661 276 41 Petersburgh,or
2820 7672 61 31 any
2902 7663 93 31 other
3022 7674 96 20 scene
3143 7666 33 30 of
3194 7666 139 38 intrigue
3350 7666 61 27 and
3430 7668 57 28 mis-

2427 7706 88 30 chief
2531 7709 31 28 in
2581 7710 57 27 the
2657 7710 110 30 world.

2472 7751 47 28 To
2537 7754 80 35 keep
2636 7762 16 19 a
2671 7754 137 38 vigilant
2835 7754 102 30 watch
2967 7762 39 20 on
3036 7756 57 28 the
3123 7756 110 31 world,
3261 7751 137 35 nothing
3416 7762 90 22 more

2430 7795 104 28 would
2554 7797 36 28 he
2608 7806 167 30 necessary
2795 7798 76 30 than
2890 7805 33 25 to
2940 7806 46 22 set
3014 7808 17 20 a
3049 7800 63 28 few
3132 7800 65 30 idle
3214 7802 79 35 boys
3310 7797 117 36 asleep,
3444 7800 60 28 and

2430 7847 46 19 we
2493 7841 115 28 should
2630 7843 80 28 have
2726 7846 85 35 spies
2828 7844 31 28 in
2877 7844 200 41 clairvoyance
3093 7846 30 28 in
3143 7854 96 28 every
3258 7846 98 25 secret
3373 7841 102 35 place.

2474 7882 74 28 And
2567 7885 65 27 this
2647 7885 150 38 explains
2816 7888 69 30 that
2902 7891 186 38 propensity
3107 7888 38 30 of
3162 7898 57 19 our
3247 7887 52 28 old
3326 7885 180 31 watchmen

2428 7928 33 24 to
2479 7926 153 36 slumber,
2647 7929 31 27 in
2707 7932 106 27 which
2841 7932 167 31 doubtless
3033 7934 76 36 they
3135 7931 162 31 exercised
3329 7929 176 31 wonderful

2430 7965 145 31 faculties
2597 7970 36 30 of
2658 7976 186 38 perception
2871 7980 165 28 unknown
3066 7984 33 24 to
3129 7978 52 30 the
3213 7972 134 35 wakeful
3373 7975 134 31 modern

2430 8011 115 36 police.

2477 8054 60 30 We
2564 8066 72 19 now
2652 8060 148 31 discover
2816 8065 68 28 also
2901 8065 57 31 the
2981 8066 120 30 hidden
3120 8074 94 22 sense
3231 8063 35 30 of
3282 8060 227 35 Fortunatus's

2430 8098 228 41 wishing-cap,
2676 8104 104 30 which
2802 8117 63 19 was
2882 8118 17 19 a
2915 8120 150 20 common
3083 8110 178 38 night-cap,
3280 8106 60 28 and
3359 8106 93 28 when
3469 8109 41 28 he

2430 8148 58 30 put
2507 8145 22 25 it
2548 8153 55 27 on,
2619 8148 61 27 and
2701 8157 65 20 was
2784 8154 238 38 mesmerically
3039 8156 186 33 entranced,
3249 8153 39 28 he
3315 8157 61 19 was
3406 8154 87 27 trans-

2430 8187 113 35 ported
2570 8187 82 30 from
2683 8192 90 33 place
2802 8198 33 24 to
2866 8197 88 36 place
2983 8197 132 39 quicker
3139 8200 77 27 than
3246 8194 93 36 light,
3365 8194 61 28 and
3444 8205 65 20 was

2430 8235 126 24 master
2575 8230 33 30 of
2622 8233 44 30 all
2685 8236 52 27 the
2756 8244 120 24 secrets
2894 8241 35 28 of
2943 8241 55 28 the
3017 8243 110 28 world.

2477 8274 49 27 An
2546 8274 249 39 Englishman's
2813 8282 99 30 house
2929 8285 27 27 is
2973 8293 41 20 no
3043 8285 112 38 longer
3181 8285 49 30 his
3258 8280 110 31 castle,
3395 8280 25 30 if
3447 8291 63 30 any

2433 8318 208 30 mesmerised
2666 8321 126 38 sleeper
2819 8334 60 20 can
2904 8334 165 30 penetrate
3096 8331 36 33 it,
3164 8331 61 28 and
3255 8335 52 20 see
3332 8323 39 30 all
3397 8326 69 30 that
3485 8331 25 27 is

2431 8362 82 27 done
2531 8362 33 28 in
2581 8362 44 30 its
2641 8370 85 24 most
2743 8373 102 24 secret
2858 8372 167 28 chambers
3038 8373 239 36 incomparably
3293 8376 85 20 more
3391 8369 118 41 clearly

2433 8406 77 27 than
2532 8416 46 17 we
2597 8416 57 20 can
2672 8417 54 20 see
2745 8409 85 30 what
2844 8414 25 27 is
2882 8414 101 38 going
2994 8425 39 19 on
3049 8417 31 27 in
3096 8427 16 19 a
3126 8419 85 36 glass
3227 8417 55 27 bee
3299 8413 85 28 hive.
3427 8413 85 33 Who

2433 8458 57 19 can
2509 8450 74 28 shut
2603 8450 49 30 his
2668 8454 79 28 door
2762 8455 131 36 against
2909 8457 46 28 Dr
2970 8458 186 31 Elliotson's
3170 8457 164 43 patients?
3384 8455 128 35 What's

2433 8494 55 28 the
2504 8504 55 19 use
2584 8496 36 27 of
2647 8496 87 30 walls
2761 8498 47 28 for
2836 8501 128 38 privacy
2986 8504 94 28 when
3107 8504 198 41 clairvoyance
3332 8507 57 22 can
3419 8504 93 30 make

2435 8539 176 39 spectacles
2628 8542 35 28 of
2677 8551 16 19 a
2712 8542 71 39 pair
2798 8543 36 27 of
2849 8545 217 31 mill-stones?

2485 8584 11 28 1
2510 8584 38 30 he
2564 8586 128 28 decline
2707 8586 38 30 of
2757 8595 58 20 our
2833 8589 145 28 theatres
2995 8592 25 25 is
3039 8600 71 19 now
3140 8589 181 41 explained,
3339 8584 46 30 for
3402 8597 35 20 as
3457 8592 55 30 (he

2436 8628 60 38 boy
2512 8630 107 28 Cooke
2636 8639 63 19 saw
2718 8631 153 28 Madame
2882 8631 176 31 Tassaud's
3074 8636 170 27 wax-work
3261 8631 134 28 without
3408 8633 104 33 either

2436 8676 120 38 paying
2575 8685 16 19 a
2608 8676 101 28 stiver
2735 8685 35 19 or
2800 8677 148 38 budging
2975 8677 82 30 from
3085 8679 172 38 Deptford,
3285 8682 35 20 so
3346 8674 165 36 doubtless

2436 8721 93 27 other
2561 8721 169 30 dishonest
2759 8723 203 28 mesmerites
2997 8732 52 19 are
3076 8723 33 28 in
3139 8724 54 27 the
3220 8720 87 31 habit
3335 8717 36 28 of
3397 8723 117 38 seeing

2439 8765 126 38 nightly
2584 8767 41 30 all
2644 8765 54 30 the
2715 8770 272 27 entertainments
3017 8770 30 25 in
3079 8767 145 28 London.
3271 8762 169 35 Managers
3457 8773 38 22 an-

2438 8817 126 20 nounce
2583 8811 54 27 the
2660 8811 192 36 suspension
2880 8811 31 27 of
2937 8811 54 28 the
3017 8809 66 28 free
3101 8809 55 28 list
3183 8808 169 28 whenever
3375 8805 94 31 there
3485 8809 27 33 is

2438 8852 159 36 anything
2616 8854 101 27 worth
2734 8854 123 35 seeing,
2872 8852 58 28 but
2946 8854 72 27 how
3049 8860 58 20 can
3126 8852 74 33 they
3219 8847 139 38 suspend
3375 8849 55 28 the
3447 8852 68 33 free

2441 8896 52 28 list
2507 8896 35 27 of
2556 8896 54 27 the
2628 8893 213 30 mesmerised
2860 8894 31 28 in
2912 8904 14 19 a
2945 8899 83 24 state
3046 8893 35 30 of
3104 8893 197 39 clairvoyance
3312 8890 14 30 1
3370 8891 142 33 Covent-

2441 8940 131 30 Garden
2592 8948 63 19 was
2672 8939 165 28 doubtless
2858 8939 112 28 ruined
2989 8940 38 33 by
3054 8937 54 28 the
3135 8946 60 19 run
3214 8937 35 28 of
3276 8934 106 36 sleepy
3400 8939 113 36 people

2439 8994 39 19 on
2498 8986 36 28 it.
2581 8983 128 38 Paying
2726 8984 27 27 is
2770 8992 16 17 a
2806 8981 93 38 thing
2917 8981 69 28 that
3003 8983 90 28 these
3112 8981 83 30 folks
3208 8989 35 20 as
3260 8978 80 30 little
3356 8978 110 31 dream
3482 8983 33 28 of

2441 9038 33 20 as
2491 9030 54 27 the
2565 9027 187 30 Americans
2776 9025 205 30 themselves.

2488 9072 60 28 We
2567 9077 82 24 trust
2669 9072 68 28 that
2757 9069 150 30 Madame
2923 9068 146 28 Tassaud
3085 9068 63 28 will
3167 9066 137 38 proceed
3321 9063 126 36 against
3461 9066 54 31 the

2443 9120 58 35 boy
2518 9118 107 30 Cooke
2643 9118 47 27 for
2704 9118 54 27 the
2775 9123 148 28 recovery
2937 9115 36 25 of
2984 9112 54 28 the
3065 9112 135 38 shilling
3220 9109 101 31 which
3340 9107 39 27 he
3397 9109 117 31 should

2444 9162 80 30 have
2543 9162 72 38 paid
2633 9162 52 30 for
2701 9162 50 28 his
2769 9159 175 30 admission
2962 9162 33 24 to
3013 9156 55 30 her
3082 9156 195 33 exhibition,
3288 9151 60 30 and
3367 9151 63 28 this
3449 9156 66 28 will

2444 9206 91 38 fairly
2551 9211 49 33 try
2617 9208 54 28 the
2687 9206 148 39 question
2849 9203 31 30 of
2898 9203 169 28 mesmeric
3082 9198 175 30 liabilities.

2488 9252 66 28 But
2578 9252 71 28 how
2668 9260 52 19 are
2735 9249 57 31 the
2808 9255 173 30 trespasses
2992 9247 33 27 of
3036 9247 52 27 the
3104 9241 200 31 mesmerites
3321 9243 31 24 to
3364 9238 38 27 he
3416 9236 98 31 found

2443 9299 57 25 out
2517 9294 27 28 if
2556 9296 74 35 they
2649 9296 118 27 choose
2784 9299 33 24 to
2835 9293 80 36 keep
2934 9291 80 30 their
3030 9299 71 19 own
3120 9285 140 31 secrets'!
3317 9282 60 27 Ihe
3392 9288 123 22 answer

2444 9340 25 27 is
2487 9343 55 24 not
2559 9340 146 27 difficult.
2756 9337 60 30 We
2841 9345 83 22 must
2943 9337 82 27 have
3052 9343 17 19 a
3098 9326 206 35 mesmerised
3334 9323 102 39 police
3463 9334 35 20 ex-

2446 9384 123 35 pressly
2586 9381 49 30 for
2652 9383 55 28 the
2723 9384 93 35 duty,
2831 9383 61 28 and
2912 9389 33 20 as
2962 9387 49 20 we
3027 9381 47 25 set
3093 9386 17 20 a
3128 9373 85 33 thief
3227 9378 31 25 to
3282 9370 88 30 catch
3391 9376 16 20 a
3425 9369 90 38 thief,

2444 9436 33 19 so
2491 9428 54 27 the
2559 9425 181 39 clairvoyant
2764 9427 164 28 constable
2957 9422 65 31 will
3047 9420 109 31 detect
3184 9419 54 30 the
3266 9414 117 41 pranks
3411 9411 35 33 of
3460 9414 55 30 the

2441 9471 181 39 clairvoyant
2636 9474 186 36 trespasser.

3687 1079 145 28 NEWLY
3846 1079 250 28 DISCOVERED
4113 1082 222 31 EXPLOSIVE
4354 1090 151 28 POWER.

3605 1129 58 30 We
3680 1132 80 27 have
3786 1129 148 30 received
3964 1139 88 22 some
4076 1132 211 33 information
4317 1146 41 20 on
4378 1139 106 31 which
4504 1151 47 22 we
4573 1151 60 22 can

3556 1173 98 38 safely
3685 1173 79 39 rely,
3792 1176 187 38 respecting
4009 1184 17 20 a
4057 1176 170 39 discovery
4260 1181 107 30 which
4397 1184 27 27 is
4460 1184 101 41 likely
4595 1195 31 22 to

3556 1219 140 39 triumph
3715 1228 76 22 over
3806 1220 55 30 the
3876 1219 184 31 difficulties
4076 1220 71 30 that
4164 1222 83 30 have
4266 1224 143 31 hitherto
4431 1233 131 27 seemed
4586 1233 31 28 in-

3554 1266 244 27 surmountable
3816 1271 31 22 to
3866 1266 91 28 those
3981 1265 71 28 who
4076 1266 80 27 have
4173 1268 186 41 previously
4378 1277 142 31 pursued
4546 1277 83 28 their

3553 1309 220 36 experiments
3792 1307 30 28 in
3843 1307 54 30 the
3912 1310 203 35 department
4132 1310 35 27 of
4192 1310 128 31 science
4337 1321 35 22 to
4392 1318 106 30 which
4518 1320 24 30 it
4564 1329 50 27 per-

3553 1354 94 30 tains.
3693 1350 69 28 The
3780 1351 165 38 discovery
3964 1354 115 27 relates
4098 1359 31 22 to
4145 1362 17 19 a
4178 1357 224 31 combination
4422 1362 35 27 of
4469 1365 161 30 chemical

3556 1400 183 28 substances
3756 1402 35 20 so
3808 1395 120 33 subtle,
3940 1397 65 28 and
4024 1403 68 30 yet,
4107 1398 94 30 when
4219 1400 140 39 brought
4373 1406 68 27 into
4460 1408 121 36 action,
4594 1419 36 20 so

3556 1447 151 28 immense
3724 1439 31 27 in
3783 1438 80 28 their
3891 1439 169 35 explosive
4087 1444 131 33 results,
4244 1455 35 19 as
4298 1454 33 22 to
4350 1450 52 27 bid
4427 1433 154 49 defiance'
4595 1460 33 24 to

3556 1488 170 30 resistance
3739 1483 36 35 by
3789 1480 159 38 opposing
3962 1485 200 36 substances,
4175 1487 150 33 however
4337 1494 180 38 powerful;
4535 1499 94 28 while

3557 1534 54 30 the
3627 1529 104 39 period
3748 1526 35 28 of
3797 1526 54 28 the
3866 1526 167 36 explosion
4050 1537 58 20 can
4129 1532 36 27 be
4183 1540 35 20 so
4236 1534 102 39 nicely
4359 1540 169 36 regulated
4546 1551 36 19 as
4597 1548 33 24 to

3556 1576 110 30 enable
3682 1575 90 28 those
3786 1570 71 27 who
3880 1572 131 38 employ
4031 1573 87 30 them
4139 1581 31 22 to
4186 1578 159 30 calculate
4365 1584 76 27 with
4469 1586 159 33 precision

3556 1620 54 30 the
3627 1619 76 30 time
3718 1617 91 27 when
3828 1614 54 30 the
3898 1614 169 38 explosion
4085 1619 63 28 will
4164 1622 77 28 take
4260 1624 101 36 place.
4406 1627 72 30 The
4494 1628 85 31 form
4597 1630 38 31 of

3556 1666 63 27 this
3636 1660 203 33 tremendous
3857 1660 123 28 missile
3997 1660 27 28 is
4039 1661 148 36 globular
4230 1669 54 27 the
4298 1669 65 30 size
4375 1671 36 28 of
4425 1672 24 30 it
4463 1676 167 38 regulated

3557 1717 30 22 to
3606 1709 54 28 the
3690 1713 134 31 purpose
3841 1702 47 30 for
3906 1704 24 28 it
3946 1704 27 28 is
3992 1709 31 24 to
4043 1707 38 27 be
4107 1709 186 39 employed.
4340 1713 31 30 It
4397 1724 74 30 may
4494 1718 39 28 be
4561 1729 52 28 pro-

3556 1754 104 38 pelled
3679 1753 77 30 from
3775 1759 16 19 a
3816 1748 140 36 musket,
3981 1756 16 20 a
4014 1757 139 28 cannon,
4178 1762 36 22 or
4233 1765 16 19 a
4268 1757 109 35 bomb,
4405 1762 63 28 and
4490 1770 77 30 may
4594 1765 36 30 be

3556 1800 123 28 throwD
3701 1795 76 30 with
3795 1794 54 28 the
3866 1800 87 20 same
3976 1795 159 35 precision
4153 1806 36 22 as
4202 1808 151 24 common
4375 1805 80 30 balls
4469 1814 35 22 or
4518 1808 112 30 shells.

3600 1844 43 28 At
3660 1843 71 28 four
3746 1838 94 39 yards
3857 1836 146 30 distance
4022 1847 16 19 a
4057 1841 61 28 ball
4137 1846 156 36 prepared
4313 1846 33 31 of
4364 1849 55 28 the
4438 1850 192 33 substances

3554 1898 46 19 we
3617 1888 80 27 have
3715 1880 124 33 alluded
3860 1885 43 30 to,
3920 1882 63 28 and
4003 1885 82 28 after
4102 1887 91 38 lying
4211 1888 31 30 in
4260 1899 19 19 a
4296 1891 154 41 perfectly
4463 1896 165 38 quiescent

3553 1937 85 25 state
3655 1931 46 30 for
3718 1923 117 35 several
3854 1924 153 38 minutes,
4024 1929 77 38 split
4120 1932 140 31 asunder
4276 1943 17 22 a
4312 1937 87 36 large
4416 1943 79 30 tree,
4520 1940 33 30 in
4572 1943 57 27 the

3553 1984 150 28 presence
3729 1973 35 28 of
3784 1978 57 19 our
3868 1967 191 36 informant.
4104 1975 43 28 So
4176 1976 47 30 far
4252 1981 153 38 perfectly
4424 1983 159 31 harmless
4603 1986 27 28 is

3553 2022 65 30 this
3633 2014 235 38 extraordinary
3885 2019 107 33 agent,
4008 2025 115 33 except
4140 2022 104 30 under
4257 2025 55 28 the
4324 2027 183 28 conditions
4523 2030 104 28 which

3553 2074 52 22 are
3622 2060 146 33 essential
3789 2063 30 24 to
3836 2060 153 38 bringing
4005 2060 44 31 its
4068 2066 107 28 occult
4192 2076 128 28 powers
4337 2069 71 30 into
4424 2071 121 38 action,
4557 2074 72 30 that

3551 2112 55 28 the
3627 2109 80 28 balls
3723 2113 71 27 may
3809 2104 36 27 be
3868 2106 126 28 carried
4013 2107 99 30 about
4132 2110 31 28 in
4183 2113 55 27 the
4257 2113 129 36 pocket,
4408 2123 36 20 or
4460 2120 167 33 conveyed

3553 2154 82 31 from
3654 2154 87 38 place
3757 2154 31 24 to
3819 2146 101 38 place,
3945 2151 31 27 in
3994 2159 63 30 any
4076 2154 165 39 numbers,
4266 2157 31 28 in
4317 2157 99 31 boxes
4443 2167 35 22 or
4493 2161 134 36 barrels,

3553 2197 135 31 without
3713 2195 52 30 the
3792 2194 148 36 slightest
3967 2195 121 38 danger
4104 2208 9 25 ;
4139 2198 24 28 it
4181 2209 74 30 may
4274 2211 79 19 even
4372 2203 39 27 be
4427 2208 69 25 cast
4517 2206 110 33 down,

3553 2243 80 31 with
3650 2250 61 27 any
3732 2239 94 31 force,
3847 2247 85 27 upon
3951 2238 68 31 iron
4038 2250 35 24 gr
4090 2249 107 33 stone,
4219 2247 63 28 and
4301 2257 41 20 no
4361 2249 93 28 other
4469 2247 94 30 effect
4589 2252 38 28 be

3553 2285 162 43 produced
3735 2285 77 28 than
3830 2282 27 30 if
3872 2283 55 30 the
3945 2285 61 28 ball
4025 2285 90 31 itself
4131 2296 82 22 were
4230 2299 17 22 a
4265 2291 83 30 solid
4375 2299 88 22 mass
4479 2291 35 31 of
4534 2298 96 27 stone

3553 2343 36 20 or
3608 2331 82 31 iron.
3721 2354 20 13 „

3594 2375 68 31 The
3679 2373 156 31 attention
3852 2370 35 33 of
3913 2373 54 31 the
3986 2373 101 31 Board
4107 2375 35 30 of
4156 2373 170 35 Ordnance
4354 2381 71 33 has,
4444 2389 47 20 we
4510 2381 101 30 under-

3551 2422 107 35 stand,
3685 2422 76 27 been
3778 2419 102 31 called
3907 2425 31 25 to
3956 2420 65 28 this
4050 2422 306 38 newly-discovered
4375 2425 195 38 application
4595 2428 38 27 of

3550 2463 153 33 chemical
3720 2466 180 36 properties
3917 2471 31 24 to
3961 2466 61 30 -the
4044 2474 154 31 purposes
4214 2469 38 30 of
4272 2471 142 35 military
4433 2471 195 36 operations.

3550 2510 129 30 Several
3704 2510 233 39 experiments,
3967 2512 79 30 each
4074 2513 183 38 exceeding
4285 2513 55 30 the
4369 2513 120 31 former
4513 2515 31 28 in
4570 2515 57 30 the

3550 2554 87 28 force
3652 2556 142 33 opposed
3813 2562 33 20 to
3863 2557 54 25 tiie
3945 2556 170 38 explosive
4131 2567 120 25 power,
4274 2559 82 25 hare
4373 2559 77 25 beet,
4468 2561 99 25 tnadß
4594 2559 31 27 in

3550 2597 55 28 the
3624 2606 153 30 presence
3794 2597 35 28 of
3852 2598 55 28 the
3939 2598 277 30 Master-General
4246 2597 36 31 of
4296 2602 54 27 the
4370 2600 101 28 Bnard
4490 2602 33 28 of
4545 2602 61 30 Ord-

3550 2649 101 17 nance
3668 2641 61 25 and
3745 2641 121 25 several
3880 2641 35 27 of
3931 2643 55 25 the
4000 2647 85 22 most
4099 2643 145 27 eminent
4258 2644 123 27 officers
4395 2643 38 28 of
4441 2644 186 36 engineers,

3546 2682 61 27 and
3628 2680 77 28 with
3726 2682 55 27 the
3798 2688 83 22 most
3899 2682 134 28 decided
4050 2691 137 27 success,
4206 2685 76 28 both
4301 2693 33 20 as
4353 2693 33 20 to
4405 2690 54 25 the
4474 2690 131 27 destruc-

3548 2724 63 28 tiv6
3627 2723 145 36 energies
3789 2724 36 27 of
3841 2724 54 28 the
3910 2724 198 38 explosions,
4137 2728 61 28 and
4227 2729 55 27 the
4301 2729 157 36 precision
4479 2729 77 30 with
4576 2740 31 20 re-

3545 2772 90 35 spect
3654 2776 31 19 to
3701 2767 76 28 time
3795 2769 60 27 and
3885 2769 104 36 place,
4008 2769 91 28 when
4118 2772 60 27 and
4208 2770 104 30 where
4329 2773 54 27 the
4402 2773 112 30 effects
4535 2784 83 19 were

3545 2817 31 25 to
3594 2814 38 27 be
3649 2811 249 39 accomplished.
3945 2811 47 30 As
4009 2820 17 20 a
4044 2813 74 30 final
4143 2817 61 27 test
4222 2814 35 30 of
4279 2814 55 30 the
4351 2822 112 24 nature
4482 2819 61 27 and
4564 2828 38 19 ex-

3546 2863 65 24 tent
3630 2857 35 28 of
3688 2857 65 28 this
3778 2857 309 36 newly-discovered
4115 2866 120 28 power,
4252 2868 49 20 we
4329 2860 198 28 understand
4548 2863 71 28 that

3545 2904 54 27 the
3617 2902 101 28 Board
3737 2901 35 28 of
3786 2899 170 30 Ordnance
3983 2901 58 28 has
4068 2902 142 28 directed
4227 2910 17 20 a
4263 2904 145 36 building
4431 2909 33 24 to
4482 2906 38 28 be
4542 2915 58 20 con-

3542 2948 143 28 structed
3704 2948 31 28 in
3765 2946 54 30 the
3847 2943 175 31 Woolwich
4052 2945 157 35 marshes,
4235 2946 36 30 of
4298 2946 52 30 the
4378 2953 164 35 strongest
4565 2951 35 28 de-

3542 2992 157 36 scription
3715 3002 11 27 ;
3750 2991 41 28 its
3808 2989 118 30 several
3945 2994 88 35 parts
4050 2995 31 24 to
4096 2991 36 28 be
4150 2991 143 30 fastened
4309 2992 151 38 together
4474 2995 39 38 by
4534 2995 83 30 bolts

3543 3038 61 27 and
3624 3038 85 33 bars,
3724 3044 35 19 so
3776 3044 33 19 as
3827 3039 33 24 to
3874 3033 52 30 bid
3942 3033 140 30 defiance
4094 3039 31 24 to
4140 3044 61 30 any
4219 3036 90 30 mode
4321 3039 36 27 of
4370 3038 249 31 bombardment

3543 3088 71 20 now
3633 3080 33 30 in
3685 3088 66 20 use.
3797 3079 69 28 The
3883 3079 150 28 inventor
4052 3079 68 36 has,
4140 3088 47 22 we
4205 3090 54 20 are
4282 3085 145 35 assured,
4449 3087 167 36 requested

3542 3126 72 28 that
3631 3134 39 20 no
3688 3123 91 30 effort
3797 3123 113 28 should
3929 3124 38 28 be
3983 3126 115 33 spared
4120 3132 31 22 to
4180 3129 113 27 render
4312 3128 66 30 this
4394 3131 148 38 building
4559 3132 41 27 im-

3545 3169 184 38 pregnable,
3759 3169 60 28 and
3847 3170 106 36 places
3983 3170 54 28 the
4063 3170 164 41 efficiency
4246 3173 38 30 of
4309 3175 52 28 his
4380 3176 165 36 discovery
4575 3184 41 19 on

3545 3213 66 28 this
3630 3219 72 24 test.

3592 3258 58 28 We
3676 3258 82 28 have
3784 3257 96 38 given
3909 3257 65 30 this
4002 3263 137 25 account
4162 3269 36 22 as
4224 3271 50 20 we
4298 3263 83 28 have
4408 3261 148 30 received
4583 3261 38 38 it,

3545 3299 82 33 from
3644 3313 16 17 a
3685 3312 112 20 source
3811 3312 41 20 on
3879 3302 55 30 the
3956 3302 156 41 integrity
4131 3306 61 28 and
4219 3315 112 20 means
4354 3306 38 31 of
4411 3307 206 30 information

3543 3345 35 28 of
3605 3348 107 28 which
3743 3354 46 22 we
3806 3356 58 20 can
3893 3348 79 35 rely.
4017 3348 69 30 The
4113 3359 94 20 name
4236 3351 35 30 of
4298 3353 57 28 the
4380 3351 161 30 scientific
4556 3353 47 28 dis-

3543 3398 131 22 coverer
3691 3392 57 30 has
3765 3395 79 27 been
3860 3395 260 30 communicated
4140 3402 31 24 to
4191 3406 47 20 us.

3589 3436 150 39 Though,
3757 3438 47 28 for
3828 3439 134 28 obvious
3981 3447 142 28 reasons,
4140 3450 46 19 we
4211 3450 54 19 are
4283 3441 117 28 unable
4425 3446 31 24 to
4474 3439 145 30 describe

3545 3477 55 30 the
3614 3482 200 36 elementary
3833 3488 87 31 parts
3937 3482 35 30 of
3986 3485 55 28 the
4057 3485 233 36 composition,
4304 3494 35 20 or
4356 3485 55 28 the
4430 3493 128 30 process
4575 3485 41 33 by

3545 3523 104 31 which
3669 3528 55 27 the
3740 3526 101 28 result
3858 3528 27 28 is
3902 3529 176 36 produced,
4096 3539 46 19 we
4159 3540 52 17 are
4227 3531 131 28 assured
4378 3531 68 27 that
4466 3529 54 28 the
4537 3531 82 27 facts

3545 3576 47 19 we
3620 3570 82 28 have
3732 3572 106 27 stated
3869 3573 186 36 respecting
4087 3573 41 28 its
4161 3575 211 28 tremendous
4405 3583 123 28 powers
4561 3583 52 19 are

3545 3611 113 30 within
3679 3616 55 28 the
3750 3614 102 31 truth.
3899 3616 41 36 If,
3967 3616 31 28 in
4017 3617 55 27 the
4091 3617 219 39 approaching
4339 3617 72 30 trial
4438 3617 35 30 of
4487 3619 41 28 its
4554 3617 52 30 effi-

3540 3657 113 39 ciency
3672 3663 31 25 to
3731 3658 104 30 which
3863 3669 46 17 we
3942 3660 80 28 have
4046 3661 143 33 alluded,
4208 3663 25 28 it
4255 3663 150 28 achieves
4428 3661 55 30 the
4501 3663 118 28 results

3542 3702 165 35 predicted
3734 3704 38 36 by
3797 3702 41 28 its
3863 3704 161 33 inventor,
4049 3713 44 19 we
4120 3707 77 27 need
4224 3706 140 38 scarcely
4389 3715 71 30 say,
4482 3707 71 28 that
4578 3715 41 19 no

3539 3745 167 38 discovery
3724 3746 31 28 in
3781 3748 189 36 chemistry,
3986 3748 88 28 since
4099 3748 54 28 the
4169 3751 167 27 invention
4353 3751 36 27 of
4405 3751 213 36 gunpowder,

3540 3789 65 28 will
3639 3791 80 28 have
3751 3791 153 36 operated
3937 3800 38 19 so
4006 3792 102 28 entire
4139 3800 19 19 a
4183 3794 124 36 change
4334 3794 31 28 in
4395 3795 57 27 the
4477 3795 93 28 mode
4586 3794 36 28 of

3539 3833 148 38 carrying
3702 3843 41 20 on
3761 3833 143 36 military
3921 3835 197 36 operations,
4132 3844 35 19 or
4186 3836 80 28 have
4282 3839 118 27 caused
4419 3846 36 20 so
4472 3838 145 38 salutary

3539 3883 17 20 a
3573 3877 94 30 dread
3687 3877 36 30 of
3750 3877 143 38 military
3913 3880 258 33 bombardment,
4189 3888 35 20 as
4255 3880 63 30 this
4335 3888 69 20 new
4424 3888 107 27 power
4550 3880 66 30 will

3539 3923 151 35 produce.
3737 3923 60 28 We
3827 3923 80 28 have
3935 3923 68 28 said
4024 3924 126 35 enough
4170 3929 31 24 to
4233 3926 87 28 whet
4337 3926 55 27 the
4408 3924 156 38 curiosity
4583 3926 38 27 of

3537 3973 74 22 men
3630 3967 38 30 of
3680 3969 139 35 science,
3841 3969 61 28 and
3920 3969 172 38 especially
4109 3967 36 30 of
4159 3969 145 39 military
4321 3978 87 20 men.
4455 3969 61 28 We
4534 3969 83 28 shall

3537 4009 124 41 shortly
3682 4014 38 27 be
3737 4014 31 27 in
3798 4022 17 19 a
3833 4014 156 28 situation
4019 4019 33 22 to
4068 4019 82 24 state
4180 4014 143 28 whether
4353 4011 117 31 failure
4488 4014 58 27 has
4564 4020 38 20 ex-

3539 4055 115 35 ploded
3674 4058 54 27 the
3745 4060 213 35 pretensions,
3972 4068 36 19 or
4024 4068 126 20 success
4165 4058 55 28 has
4233 4058 164 28 rewarded
4408 4058 54 27 the
4476 4055 143 36 labours,

3537 4098 35 28 of
3586 4101 65 28 this
3668 4110 71 19 new
3757 4102 170 28 candidate
3945 4102 49 28 for
4013 4102 83 28 fame
4115 4104 60 27 and
4194 4099 288 31 fortune.—Globe.

3917 4219 321 65 Ireland.

3742 4346 178 30 IRISH
3959 4346 186 28 STATE
4178 4346 243 30 TRIALS.

3839 4403 109 22 SIXTH
3973 4403 348 22 DAY.—SATURDAY.

3578 4449 68 28 The
3661 4447 121 36 Judges
3797 4447 74 27 took
3888 4444 82 30 their
3986 4446 85 27 seats
4088 4452 38 20 on
4145 4446 54 27 the
4219 4446 106 27 Bench
4342 4444 151 36 precisely
4510 4446 35 27 at
4561 4444 57 28 ten

3540 4487 123 28 o'clock
3679 4488 65 28 this
3761 4485 157 35 morning,
3934 4487 33 25 at
3983 4483 99 27 which
4098 4483 80 28 hour
4203 4483 54 30 Mr
4282 4483 176 30 O'Connell
4479 4483 58 28 and
4565 4483 52 28 the

3542 4528 93 27 other
3649 4529 176 25 traversers
3841 4532 79 19 were
3937 4524 140 33 present.

3580 4565 66 28 The
3661 4565 69 28 first
3745 4565 128 27 witness
3888 4561 98 28 called
4003 4569 63 19 was

3583 4605 83 27 John
3685 4603 153 30 Jackson,
3855 4600 68 28 who
3940 4608 66 19 was
4022 4597 162 28 examined
4202 4598 39 35 by
4268 4598 54 27 Mr
4348 4598 176 28 Brewster.
4570 4598 49 27 He

3543 4644 102 28 stated
3661 4644 69 27 that
3742 4643 39 27 he
3794 4647 61 19 was
3868 4647 17 19 a
3896 4636 244 36 correspondent
4150 4636 33 27 of
4192 4638 54 25 the
4255 4636 148 36 Morning
4414 4636 131 35 Herald,
4559 4638 61 28 and

3542 4682 203 28 transmitted
3761 4683 33 25 to
3811 4677 129 30 London
3957 4680 121 31 reports
4094 4674 35 28 of
4142 4676 54 27 the
4211 4677 157 36 meetings
4384 4677 33 27 of
4431 4677 54 27 the
4501 4677 118 36 Repeal

3542 4721 213 28 Association.
3800 4718 47 27 He
3863 4715 72 28 read
3951 4718 140 25 extracts
4107 4713 79 30 from
4205 4715 126 30 various
4348 4715 151 38 speeches
4515 4717 35 28 of
4565 4717 54 30 Mr

3543 4759 175 30 O'Connell
3734 4756 60 30 and
3819 4757 52 27 the
3894 4754 91 27 other
4011 4757 184 27 traversers.
4239 4754 50 30 He
4317 4756 68 28 also
4411 4756 124 30 handed
4551 4757 31 30 in
4600 4765 19 20 a

3542 4798 178 33 document,
3748 4795 98 27 which
3871 4795 36 27 he
3923 4794 63 28 had
4002 4794 139 28 received
4157 4795 82 30 from
4255 4797 54 28 the
4326 4795 165 41 Secretary
4518 4798 35 30 of
4567 4798 55 30 the

3543 4836 209 33 Association,
3770 4833 142 33 entitled,
3970 4835 28 28 A
4014 4835 74 36 plan
4102 4836 49 28 for
4167 4836 52 30 the
4235 4838 145 31 renewed
4402 4839 104 30 action
4521 4839 35 30 of
4570 4841 54 28 the

3545 4876 82 30 Irish
3904 4874 128 30 Several
4046 4880 140 27 extracts
4197 4879 33 28 of
4244 4880 161 38 speeches,
4420 4882 31 30 iu
4466 4882 159 31 reference

3542 4920 33 27 to
3591 4917 54 27 the
3660 4915 189 28 arbitration
3865 4918 118 33 system
4002 4924 80 22 were
4098 4918 68 30 also
4181 4920 87 31 read.

3583 4956 36 30 In
3638 4956 47 28 his
3701 4964 88 20 cross
3817 4956 216 31 examination
4049 4959 39 36 by
4106 4959 54 30 Mr
4183 4961 206 38 Fitzgibbon,
4416 4965 55 28 the
4494 4965 132 30 witness

3545 4995 153 30 admitted
3712 4997 72 30 that
3806 4997 39 30 he
3865 5006 65 22 was
3956 5003 58 25 not
4036 5002 202 30 accustomed
4263 5009 33 22 to
4323 5005 76 28 take
4427 5009 106 25 notes.
4578 5006 49 30 He

3545 5039 63 28 had
3624 5039 98 28 about
3734 5039 91 27 tUree
3841 5049 91 25 years
3948 5049 60 28 ago
4022 5041 79 30 been
4118 5050 19 19 a
4151 5046 142 33 reporter
4345 5044 80 28 after
4438 5054 19 19 a
4472 5044 154 30 manner''

3545 5079 49 25 for
3608 5077 55 27 the
3679 5077 154 27 Limerick
3849 5079 77 28 Star
3940 5080 61 27 and
4027 5082 52 27 the
4104 5082 153 28 Limerick
4285 5082 170 33 Chronicle,
4483 5085 87 27 when
4587 5085 38 27 he

3546 5115 161 27 furnished
3735 5115 85 27 them
3843 5118 77 25 with
3940 5120 150 28 sketches
4109 5121 36 27 of
4161 5123 54 27 the
4238 5124 85 33 petty
4343 5121 139 27 sessions
4504 5121 35 25 of
4553 5121 54 27 Kil-

3545 5153 88 25 rush.
3676 5153 102 25 These
3792 5161 79 20 were
3898 5159 159 36 generally
4072 5161 302 28 embellished—one
4400 5157 66 30 half
4490 5157 36 27 of
4539 5157 85 27 them

3545 5191 93 35 being
3652 5189 120 28 fiction.
3819 5192 50 27 He
3885 5192 49 28 did
3953 5200 55 24 not
4025 5200 123 28 exactlv
4172 5208 180 20 commence
4376 5206 35 19 as
4438 5203 17 19 a
4482 5198 142 33 reporter

3545 5230 38 35 by
3608 5227 126 36 writing
3759 5228 192 38 falsehoods,
3978 5235 156 38 although
4161 5247 87 20 some
4274 5239 33 28 of
4329 5238 49 28 his
4403 5238 121 35 reports
4542 5241 77 20 were

3545 5268 123 27 written
3685 5266 79 28 from
3783 5266 224 36 imagination.
4052 5274 49 28 He
4118 5277 60 27 had
4195 5276 198 31 contributed
4409 5283 17 20 a
4443 5274 65 28 tale
4521 5272 35 30 of
4569 5272 41 27 fic-

3545 5310 66 25 tion
3624 5309 31 24 to
3671 5304 54 28 the
3745 5304 173 38 Lniversity
3934 5307 180 38 Magazine.
4159 5317 93 30 From
4268 5318 54 28 the
4339 5313 173 33 remainder
4524 5312 33 28 of
4572 5312 54 28 the

3545 5343 211 33 examination
3783 5343 24 27 it
3833 5346 156 33 appeared
4005 5350 72 28 that
4101 5353 54 28 the
4172 5357 131 27 witness
4329 5365 63 19 was
4420 5353 157 39 generally
4594 5351 31 28 in

3545 5387 52 27 the
3613 5381 88 30 habit
3717 5381 35 27 of
3764 5383 217 36 transcribing
3997 5386 49 28 his
4057 5395 124 30 reports
4197 5395 35 27 of
4244 5395 54 27 the
4310 5395 202 28 Association
4529 5395 76 27 meet-

3545 5427 82 31 ings,
3658 5428 25 19 r(
3683 5422 6 46 '
3696 5428 27 19 tn
3742 5422 52 25 tne
3813 5422 197 36 manuscript
4033 5427 35 25 of
4090 5430 93 28 other
4209 5438 161 30 reporters
4398 5435 69 27 who
4485 5436 50 27 sat
4551 5439 74 22 near

3545 5466 77 27 him.
3665 5458 50 28 He
3732 5458 118 27 altered
3866 5458 54 27 the
3937 5461 159 38 language
4112 5474 35 20 so
4164 5477 35 19 as
4224 5472 33 27 to
4285 5474 91 28 make
4398 5474 87 28 them
4512 5480 113 28 appear

3545 5499 132 38 original
3693 5499 134 33 reports,
3844 5504 31 20 in
3891 5499 91 27 order
3998 5504 35 22 to
4049 5504 93 28 make
4157 5507 50 27 his
4222 5512 178 35 employers
4424 5513 117 27 believe
4557 5513 69 27 that

3546 5543 72 33 they
3635 5545 79 20 were
3729 5534 145 38 original,
3898 5535 63 27 and
3987 5539 98 28 taken
4109 5542 41 35 by
4178 5545 140 31 himself.
4361 5551 28 27 A
4411 5551 82 35 good
4509 5551 69 28 deal
4597 5550 33 28 of

3546 5578 145 36 laughter
3707 5584 63 17 was
3794 5575 115 25 caused
3935 5575 39 33 by
4000 5578 118 35 sundry
4137 5589 178 25 comments
4342 5589 33 25 of
4400 5591 54 27 the
4483 5592 143 30 witness,

3548 5619 74 30 such
3638 5625 35 19 as
3688 5614 82 28 their
3784 5611 94 35 being
3893 5611 82 28 filled
3992 5616 76 25 with
4085 5617 20 14 ••
4121 5617 250 43 thunder-bolts,
4389 5628 61 27 and
4460 5631 93 27 other
4564 5630 63 28 fine

3550 5655 159 35 tarnation
3726 5652 123 33 things.

3589 5696 49 28 Mr
3657 5691 187 36 Fitzgibbon
3858 5688 123 38 applied
3997 5691 33 27 to
4046 5691 54 28 the
4115 5693 102 31 Court
4233 5699 33 25 to
4287 5698 80 28 have
4384 5709 93 28 every
4493 5706 85 28 word
4597 5707 36 28 of

3548 5737 52 30 the
3614 5732 143 30 evidence
3773 5729 33 28 of
3820 5729 140 28 Jackson
3978 5732 109 27 struck
4104 5735 68 30 out,
4189 5742 47 25 as,
4260 5735 82 30 from
4369 5739 50 30 his
4433 5748 71 22 own
4521 5745 87 28 show-

3548 5780 66 31 ing,
3630 5773 36 27 he
3682 5778 63 20 was
3762 5767 115 35 utterly
3894 5767 216 38 incompetent
4128 5778 33 20 as
4178 5780 19 19 a
4214 5773 142 30 witness.

3586 5811 93 30 Chief
3701 5806 198 31 Justice—ls
3924 5806 66 28 this
4022 5808 54 28 the
4099 5809 104 30 time?
4247 5813 68 28 The
4340 5817 120 30 matter
4490 5828 72 28 may
4589 5822 39 30 be

3548 5861 71 27 very
3635 5850 68 28 well
3718 5847 123 35 worthy
3855 5844 33 28 of
3901 5844 205 31 observation
4121 5847 61 30 and
4208 5852 252 41 consideration,
4488 5858 58 33 but
4575 5866 57 27 not

3553 5899 87 27 now.,

3586 5929 85 30 John
3688 5928 128 30 Brown,
3828 5923 132 35 printer,
3978 5924 113 35 proved
4109 5926 52 28 the
4178 5928 142 39 printing
4335 5934 36 28 of
4384 5943 19 19 a
4430 5940 91 33 great
4539 5950 69 20 num-

3548 5973 54 27 ber
3616 5967 33 28 of
3660 5967 184 28 documents
3860 5962 47 27 for
3929 5962 54 27 the
3997 5964 216 36 Association,
4230 5970 77 28 such
4324 5980 36 20 as
4378 5975 22 16 ,l
4414 5975 217 30 Instruction*

3550 6014 33 25 to
3605 6005 117 36 Repeal
4115 6008 33 25 to
4176 6006 38 28 be
4239 6009 157 33 observed
4419 6014 41 38 by
4485 6019 128 30 Arbitra-

3671 6044 58 28 See.

3587 6085 54 30 Mr
3654 6079 187 39 Fitzgibbon
3854 6077 173 30 contended
4044 6080 71 30 that
4129 6083 55 27 the
4200 6083 172 36 document
4384 6094 134 30 entitled
4575 6077 57 49 In.

3553 6124 172 31 structions
3740 6124 31 24 to
3789 6118 117 36 Repeal
4131 6124 61 27 and
4208 6126 120 30 others,
4345 6134 55 25 not
4416 6134 118 30 having
4550 6137 77 27 been

3550 6162 121 43 printed
3685 6162 31 27 in
3737 6162 88 28 1843,
3841 6157 99 35 ought
3957 6159 57 25 not
4030 6161 31 25 to
4079 6159 36 30 be
4134 6165 154 30 received.

3586 6203 90 30 After
3690 6209 19 19 a
3723 6195 173 31 discussion
3912 6195 33 27 of
3959 6203 41 19 an
4016 6195 80 30 hour
4109 6200 63 28 and
4189 6211 17 20 a
4222 6203 79 36 half,
4318 6208 54 27 the
4391 6214 91 25 court
4496 6213 129 31 decided

3548 6239 219 35 unanimously
3783 6244 41 19 on
3838 6235 170 35 admitting
4030 6236 54 27 the
4109 6238 181 39 document,
4600 6258 33 24 to

3551 6280 115 36 Repeal
3887 6272 110 38 signed
4011 6274 41 35 by
4069 6276 54 28 Mr
4139 6277 192 33 O'Connell.

3589 6321 52 30 Mr
3655 6313 186 35 M'Donogh
3857 6312 165 28 intimated
4038 6313 50 28 his
4101 6315 159 33 intention
4277 6323 33 25 to
4328 6323 77 28 take
4422 6332 17 19 a
4455 6324 55 31 bill
4526 6329 35 28 of
4575 6339 38 20 ex-

3550 6359 123 39 ception
3688 6357 128 36 against
3830 6351 65 30 this
3910 6351 153 27 decision.

3587 6400 66 31 The
3668 6398 90 30 court
3772 6402 76 22 soon
3865 6391 80 30 after
3967 6389 186 36 adjourned.

3838 6476 170 25 SEVENTH
4028 6476 76 20 DAY
4159 6477 176 24 MONDAY.

3589 6531 65 28 The
3671 6526 101 35 Right
3797 6524 85 28 Hon.
3907 6520 54 28 the
3989 6518 80 28 Lord
4096 6518 94 28 Chief
4214 6520 137 38 Justice,
4380 6524 54 27 the
4463 6526 85 28 Hon.
4575 6528 55 28 Mr

3553 6570 121 33 Justice
3690 6567 183 36 Ciarapton,
3888 6559 60 30 and
3964 6559 54 27 the
4038 6557 96 35 Right
4159 6557 87 28 Hon.
4274 6561 52 27 Mr
4353 6561 128 30 Justice
4507 6565 123 35 Perrin,

3553 6611 76 30 took
3644 6609 82 28 their
3740 6609 83 27 seats
3841 6609 80 28 upon
3937 6598 55 27 the
4008 6597 99 28 bench
4123 6600 33 25 at
4172 6600 52 25 ten
4243 6597 123 30 o'clock
4386 6603 167 33 precisely,
4569 6603 39 28 im-

3556 6649 164 36 mediately
3734 6646 80 30 after
3830 6639 98 30 which
3945 6638 52 27 the
4014 6636 126 36 Deputy
4156 6635 94 28 Clerk
4268 6636 33 27 of
4315 6638 52 27 the
4381 6638 115 30 Crown
4512 6641 118 36 having

3554 6688 98 33 called
3668 6696 72 20 over
3756 6685 52 28 the
3820 6683 71 35 jury
3907 6677 58 30 and
3983 6682 183 25 traversers,
4183 6674 68 28 who
4268 6677 205 36 respectively
4490 6688 118 19 answer-

3556 6732 33 30 ed
3606 6734 31 25 to
3655 6729 79 28 their
3751 6731 118 27 names,
3885 6720 52 30 the
3953 6724 71 22 case
4038 6715 49 28 for
4099 6715 52 28 the
4167 6715 200 36 prosecution
4381 6724 63 20 was
4457 6718 170 36 proceeded

3594 6811 137 28 Thomas
3756 6802 118 31 Packer
3898 6806 63 20 was
3986 6795 74 28 then
4087 6792 110 35 called,
4225 6792 60 28 and
4312 6792 165 30 examined
4504 6795 39 36 by
4575 6795 54 28 Mr

3556 6852 150 28 Freeman
3737 6846 30 31 Q
3783 6843 36 30 C.
3866 6839 46 28 He
3928 6835 102 31 stated
4046 6835 69 27 that
4132 6833 36 27 he
4181 6839 63 20 was
4260 6841 17 17 a
4290 6831 214 38 lithographic
4523 6836 107 33 artist,

3559 6891 58 28 ind
3635 6896 85 20 came
3737 6891 31 24 to
3784 6882 61 30 this
3861 6880 131 31 country
4008 6874 30 28 in
4060 6874 63 27 last
4145 6872 112 27 March
4285 6872 235 33 twelvemonth,
4548 6874 79 28 from

3586 6929 101 25 ondon
3745 6926 47 28 On
3808 6921 47 28 his
3871 6915 110 33 arrival
4000 6915 30 28 in
4046 6912 118 30 Dublin
4180 6910 36 28 he
4235 6918 61 19 was
4326 6912 214 35 immediately
4559 6921 46 19 em-

3561 6967 107 41 ployed
3687 6967 38 28 bv
3742 6965 52 28 Mr
3814 6956 191 33 Holbrooke,
4022 6953 35 28 of
4071 6951 63 30 No.
4150 6954 17 24 4
4194 6950 93 28 Crow
4313 6950 106 27 Street
4476 6951 66 27 The
4559 6951 52 27 wit-

3561 7017 83 22 ness,
3657 7008 31 27 in
3707 7006 82 35 reply
3803 7005 31 27 to
3849 6997 161 38 questions
4025 6995 57 33 put
4096 6994 33 27 to
4140 6991 77 31 him,
4231 6989 102 28 stated
4348 6989 71 28 that
4430 6989 38 28 he
4479 6989 151 28 sketched

3559 7050 54 24 the
3627 7047 140 27 likeness
3776 7041 33 30 of
3825 7041 49 28 Mr
3890 7038 27 28 O
3934 7033 143 31 Connell.

3600 7088 52 27 Mr
3671 7076 277 38 Freeman—Look
3970 7077 31 25 at
4017 7072 52 27 the
4085 7071 74 28 next
4183 7068 277 28 likeness.—That
4474 7076 27 19 is
4518 7066 107 30 Ollam

3561 7126 117 22 Fnrll-ih
3737 7124 39 24 (A
3805 7117 121 31 lausrh.)
3967 7113 112 27 Where
4104 7109 50 28 did
4181 7117 57 27 you
4266 7110 54 33 get
4343 7107 50 27 his
4422 7106 206 30 likeness?—

4005 7151 9 38 <
4019 7151 25 30 G
4050 7151 65 55 r'
4140 7148 27 28 '"
4170 7148 52 36 ugl
4222 7145 88 61 r.:>

3561 7206 54 28 the
3643 7213 88 19 name
3757 7206 31 25 to
3805 7208 58 28 you
3877 7195 107 30 ?-Mr
4005 7189 178 31 Holbrooke
4239 7187 13 27 I
4276 7184 96 30 heard
4389 7186 52 27 the
4458 7194 90 19 name
4564 7184 50 30 d,s-

3559 7244 112 28 cussed
3688 7244 38 28 bv
3753 7241 52 30 Mr
3825 7235 194 31 Holbrooke,
4039 7231 50 28 Mr
4112 7228 230 30 O'Callagiian,
4370 7225 61 27 and
4449 7225 52 27 Mr
4517 7225 113 30 Davis.

3564 7285 85 28 Look
3676 7288 33 22 at
3732 7282 54 28 the
3811 7280 71 27 next
3898 7269 268 35 likeness.-That
4189 7268 27 28 is
4244 7265 164 31 Sarsfield.
4450 7265 113 28 Where
4580 7265 50 28 did

3564 7334 58 20 vou
3639 7326 54 28 get
3707 7323 24 28 it
3742 7321 14 27 ?
3798 7318 90 30 From
3902 7324 38 19 an
3956 7313 50 28 old
4022 7310 118 30 French
4151 7307 172 36 engraving
4340 7315 30 20 in
4384 7306 54 28 the
4449 7313 180 24 possession

3561 7365 36 27 of
3619 7364 55 28 Mr
3885 7357 55 27 the
3954 7351 189 31 bookseller.
4186 7348 80 30 Who
4282 7346 140 36 brought
4438 7354 58 27 you
4515 7345 88 27 there
4619 7343 11 28 ?

3598 7403 54 28 Mr
3671 7398 183 33 Holbrooke
3869 7394 135 38 brought
4022 7400 46 20 me
4082 7395 33 24 to
4129 7398 49 19 see
4194 7389 36 28 it.
4272 7389 43 27 At
4329 7387 104 27 whose
4446 7384 184 36 suggestion

3564 7452 63 17 was
3652 7443 25 27 it
3693 7446 55 31 put
3772 7449 39 19 on
3828 7438 52 28 the
3896 7435 91 30 cards
4000 7431 11 31 ?
4046 7431 14 30 I
4077 7431 117 28 believe
4208 7428 25 28 it
4257 7436 66 19 was
4339 7425 55 30 Mr
4416 7425 184 28 Holbrooke
4617 7433 14 19 s

3564 7482 79 27 wish
3660 7485 33 24 to
3720 7483 76 24 have
3811 7480 36 25 it.
3891 7474 88 30 Look
3995 7476 33 25 at
4052 7472 52 27 the
4134 7468 209 30 next—That
4364 7472 28 22 is
4408 7465 87 35 King
4512 7463 121 35 Dathy.

3564 7520 93 27 Were
3683 7528 58 27 you
3767 7526 71 20 ever
3860 7517 31 27 in
3917 7515 54 27 the
3995 7510 200 30 Association
4208 7507 69 28 ?—I
4301 7513 43 20 tee
4345 7513 44 19 re.
4444 7504 36 31 (A
4507 7504 123 33 laugh.)

3564 7557 61 27 Did
3644 7565 58 27 you
3720 7567 50 20 see
3789 7556 50 28 Mr
3857 7554 66 30 Rav
3940 7553 87 28 there
4039 7548 68 30 ?—I
4126 7546 63 28 did.

3605 7598 52 28 Mr
3685 7594 283 35 Freeman—Were
3991 7600 60 28 you
4074 7587 71 39 paid
4170 7587 47 28 for
4246 7586 52 28 the
4324 7591 134 24 services
4485 7589 60 30 you
4559 7587 54 30 per-

3567 7636 121 30 formed
3704 7636 13 31 ?
4339 7660 187 9 ...
4545 7657 13 13 j

3603 7677 200 30 Witness—l
3817 7683 83 24 were,
3918 7672 60 30 Sir.
4014 7669 39 38 (A
4071 7666 123 38 laugh.)
4228 7665 65 30 The
4309 7666 128 25 witness
4452 7661 74 27 bent
4542 7657 88 28 down

3564 7717 140 28 towards
3728 7718 54 28 the
3805 7715 153 28 members
3986 7713 30 25 ot
4044 7710 52 27 the
4124 7709 54 27 bar
4205 7706 69 28 who
4298 7712 80 19 were
4394 7701 161 35 laughing,
4572 7699 60 24 and

3564 7757 178 31 correcting
3772 7753 135 33 himself,
3934 7751 80 30 said,
4043 7748 76 28 with
4148 7746 90 28 much
4269 7743 170 33 emphasis,
4507 7740 11 24 I
4539 7740 79 22 was

3702 7800 11 30 f
3724 7795 83 30 Loud
3833 7789 175 41 laughter.)
4063 7789 46 36 By
4135 7787 102 27 whom
4263 7791 79 20 were
4369 7787 60 30 you
4447 7778 69 36 paid
4531 7778 5 52 .
4545 7778 85 30 —by

3570 7833 54 28 Mr
3641 7835 198 30 Holbrooke.
4255 7863 9 6 .
4320 7857 146 13 ...»

3603 7872 68 30 The
3694 7869 307 38 Attorney-General
4028 7865 106 31 stated
4159 7865 71 30 that
4257 7863 38 28 he
4321 7858 58 30 had
4400 7858 66 36 just
4488 7854 76 28 been
4583 7858 31 19 in-

3565 7910 121 31 formed
3704 7915 71 28 that
3789 7915 60 27 two
3866 7910 35 27 of
3920 7910 55 27 the
3989 7910 175 25 traversers
4191 7902 60 30 had
4266 7902 55 27 left
4345 7899 52 27 the
4413 7896 99 28 Court
4532 7894 33 24 to
4581 7894 33 24 at-

3565 7951 76 28 tend
3652 7962 17 17 a
3685 7954 145 33 meeting,
3844 7948 98 28 which
3954 7956 63 19 was
4033 7954 17 19 a
4061 7943 184 35 proceeding
4261 7937 134 31 hecould
4408 7937 52 27 not
4471 7935 162 31 acquiesce

3565 7987 44 36 in,
3625 7992 153 33 although
3795 7992 38 27 he
3849 7989 58 28 had
3926 7989 55 27 not
3994 7983 142 39 objected
4151 7987 33 24 to
4200 7983 82 27 their
4296 7980 123 31 leaving
4433 7973 98 28 Court
4545 7975 74 20 occa

3567 8028 148 39 sionally,
3731 8033 25 28 if
3780 8031 71 35 they
3868 8028 50 27 did
3935 8030 55 25 not
4016 8035 39 27 go
4071 8025 77 27 from
4165 8022 96 28 about
4283 8019 52 28 the
4351 8014 153 38 precincts
4553 8011 77 22 Mien

3565 8066 39 28 he
3633 8071 93 28 heard
3756 8072 71 27 that
3849 8072 63 24 two
3940 8066 33 27 of
3997 8066 82 27 them
4098 8061 58 28 had
4181 8060 57 28 left
4263 8054 162 41 purposely
4443 8052 6 47 I
4449 8055 25 22 *

3567 8110 151 35 meeting,
3735 8112 39 27 he
3789 8106 109 31 should
3915 8104 94 30 insist
4027 8110 80 30 upon
4120 8099 83 30 their
4217 8096 197 30 attendance,
4428 8096 35 20 or
4479 8088 36 27 he
4531 8088 99 25 would

3569 8146 80 28 have
3663 8151 87 27 them
3767 8146 94 31 called
3877 8154 82 27 upon
3978 8145 79 27 their
4072 8139 250 36 recognisances.

3609 8186 52 28 Mr
3677 8186 238 35 Moore—They
3932 8184 63 27 will
4011 8184 36 27 be
4063 8184 71 25 sent
4150 8180 55 27 for.
4384 8200 172 28 nVonnell
4572 8198 60 30 and

3606 8222 220 41 (Messengers
3846 8231 77 20 were
3945 8224 77 28 then
4038 8214 187 41 despatched
4247 8213 47 28 for
4312 8209 33 28 -1

3570 8261 54 28 Mr
3652 8252 120 49 Steele!
3792 8266 52 28 the
3869 8268 61 24 two
3956 8266 173 25 traversers
4153 8252 123 31 alluded
4291 8252 44 30 to,
4351 8247 69 27 who
4436 8241 57 30 had
4512 8239 55 30 left
4595 8239 38 27 he

3569 8299 102 31 Court
3688 8304 46 28 for
3751 8307 52 27 the
3825 8310 134 30 purpose
3975 8302 33 27 of
4022 8298 162 33 attending
4200 8302 17 19 a
4233 8293 135 30 meeting
4383 8294 16 19 a

3569 8340 88 30 ation
3677 8343 96 33 Hall;
3792 8343 120 35 shortly
3928 8342 80 27 after
4025 8337 96 30 which
4139 8335 71 31 they
4227 8326 143 33 returned
4428 8335 8 13 i

3570 8380 118 35 places,
3704 8383 33 28 in
3751 8383 99 28 which
3866 8381 74 33 they
3956 8376 156 31 remained
4129 8376 46 27 for
4191 8373 52 27 the
4258 8370 65 28 rest
4337 8367 33 27 of
4383 8367 52 25 the
4450 8370 8 17 i
4493 8367 6 47 5
4501 8367 35 47 M'

3609 8419 68 28 The
3701 8427 76 24 next
3803 8422 128 27 witness
3953 8416 165 31 examined
4134 8422 33 19 as
4186 8416 33 24 to
4238 8409 54 28 the
4312 8405 167 28 lullamore
4616 8405 16 27 l,

3570 8465 65 20 was
3663 8460 33 28 J.
3723 8463 33 27 S.
3787 8461 148 28 Stewart,
3965 8457 235 35 sub-inspector
4224 8450 33 27 of
4285 8444 170 31 constabul.
4487 8450 30 22 J*

3570 8496 173 39 testimony
3765 8507 65 19 was
3854 8498 110 35 chiefly
3983 8498 31 27 in
4043 8494 154 28 reference
4214 8493 30 25 to
4271 8488 52 27 the
4343 8491 49 20 mo
4425 8488 16 36 ?
4526 8485 16 27 P
4580 8483 11 27 J

3570 8535 35 27 at
3627 8537 55 27 the
3709 8540 151 33 meetiug.
3904 8535 126 30 Several
4055 8534 91 28 other
4175 8529 162 28 witnesses
4364 8515 132 36 testified
4521 8518 31 25 to

3572 8581 87 20 same
3676 8578 99 33 point.

3608 8613 69 30 The
3693 8616 101 30 Court
3808 8614 173 36 adjourned
3997 8613 98 28 about
4112 8611 57 28 five
4183 8617 17 19 o
4214 8605 98 30 clock.

3869 8672 143 20 EIGHTH
4031 8668 88 24 DAY.
4123 8658 220 27 —TUESDAY.
4498 8682 8 8 ,
4570 8658 5 35 .

3611 8701 44 28 At
3668 8704 55 27 ten
3740 8704 120 28 o'clock
3879 8704 162 36 precisely,
4065 8701 50 28 Mr
4131 8694 172 31 O'Conneil
4320 8687 60 31 and

3570 8746 123 22 versers
3709 8743 154 35 appeared
3879 8751 30 19 in
3934 8742 112 31 Court,
4063 8739 72 33 and,
4161 8737 30 25 in
4208 8739 50 24 ten
4283 8729 135 30 minutes
4438 8724 197 28 «lfieriwards,

3570 8776 55 27 the
3641 8778 94 30 Chief
3748 8781 134 33 Justice,
3899 8781 74 28 with
3997 8778 137 31 Justices
4151 8773 170 35 Cramptoa
4345 8764 60 31 and
4422 8764 74 27 Perr
4534 8780 8 16 ,

3572 8814 83 30 their
3671 8822 88 25 seats
3775 8828 39 19 on
3830 8820 55 27 the
3901 8820 113 28 bench.
4335 8846 9 9 ~
4416 8841 36 14 ~
4487 8839 24 16 n
4518 8846 31 3 „
4556 8838 66 17 nß(t

3611 8855 87 30 John
3726 8858 146 36 Maguire
3898 8866 63 19 was
3986 8854 98 33 called
4098 8852 61 31 and
4186 8846 161 35 examined
4361 8844 41 35 by
4416 8844 52 27 Mr
4488 8844 146 27 IJennett,

3572 8899 36 22 as
3624 8896 33 25 to
3682 8896 55 28 the
3764 8896 159 36 Longford
3951 8896 145 36 meeting,
4121 8891 61 30 and
4198 8891 52 28 the
4266 8885 150 41 apparent
4433 8888 41 22 mi
4490 8885 6 47 1
4517 8894 8 9 '
4554 8885 6 47 .

3573 8932 186 33 ganization
3775 8937 35 28 of
3827 8937 55 28 the
3896 8937 123 33 Deople.
4357 8962 9 8 ,

3611 8970 101 31 Cross
3929 8976 38 35 by
3994 8976 52 27 Mr
4074 8969 145 33 Hatchell
4222 8965 115 35 —Why
4351 8962 38 27 do
4403 8965 60 30 you

3572 9011 150 30 question
3737 9020 8 25 ;
3772 9014 14 27 I
3813 9014 50 27 did
3888 9017 55 25 not
3969 9016 57 27 ask
4041 9020 60 27 you
4115 9011 52 28 did
4189 9016 57 28 you
4263 9013 50 20 see
4329 9009 60 27 any
4406 8998 112 27 breach
4537 8998 31 22 ot
4584 8998 54 22 the

3575 9054 107 27 peace,
3706 9050 57 30 but
3786 9052 14 28 I
3825 9054 96 27 asked
3943 9063 60 25 you
4025 9052 49 28 did
4098 9058 58 27 you
4172 9055 50 20 see
4243 9052 58 28 any
4318 9041 150 30 tendeney
4482 9041 33 20 to
4529 9041 49 19 ur
4625 9041 13 19 1

3575 9083 50 28 did
3654 9090 68 27 not.
3765 9091 91 35 Well,
3879 9094 88 31 then,
4000 9096 52 25 not
4074 9090 115 30 having
4213 9093 69 20 seen
4307 9088 58 22 any
4392 9074 110 30 breach
4526 9072 35 27 of
4586 9072 52 27 the

3575 9129 107 27 peace,
3698 9135 36 19 or
3748 9131 154 35 tendency
3918 9135 33 24 to
3969 9132 36 33 it,
4031 9126 140 33 Othello's
4186 9120 181 38 occupation
4394 9121 61 20 was
4471 9118 91 28 gone,
4578 9115 61 22 ana

3573 9159 54 28 the
3650 9167 115 25 second
3787 9170 164 28 constable
3973 9170 61 28 had
4057 9167 132 33 nothing
4208 9165 33 25 to
4260 9157 101 30 do?—
4367 9154 14 30 l
4389 9194 8 6 .
4403 9161 43 20 We
4452 9154 2 46 .
4455 9154 30 46 D^

3575 9198 91 27 make
3693 9203 233 33 observations.
3969 9211 85 27 That
4068 9209 25 27 is
4118 9211 33 24 to
4167 9209 49 24 see
4238 9200 69 28 how
4321 9195 52 30 the
4389 9194 71 28 land
4477 9194 58 31 lay.
4581 9194 60 24 Ihe

3573 9238 110 31 people
3710 9247 79 19 were
3819 9246 126 35 coming
3972 9249 71 28 into
4071 9252 80 24 town
4176 9239 132 33 merrily,
4335 9231 205 30 brandishing
4559 9231 83 24 their

3575 9274 113 30 sticks,
3712 9277 61 25 and
3800 9279 131 39 kicking
3946 9294 41 24 up
4014 9288 82 27 their
4112 9283 82 30 heels
4208 9277 66 31 ?—1
4298 9274 115 28 believe
4430 9279 44 20 so.
4520 9269 47 27 Do
4583 9276 61 27 you

3575 9315 90 20 mean
3693 9313 35 25 to
3753 9321 55 25 say
3835 9318 76 38 they
3937 9332 82 22 were
4041 9321 205 35 brandishing
4268 9315 80 30 their
4375 9310 99 30 sticks
4490 9317 30 20 in
4546 9315 98 27 anger

3573 9351 128 30 against
3718 9359 60 28 any
3794 9361 60 22 one
3866 9357 74 31 ?-l
3957 9372 71 20 won
4031 9365 25 27 »t
4071 9373 54 24 say
4142 9364 77 27 that.
4260 9357 91 27 Were
4365 9351 72 35 they
4452 9346 192 38 quarrelling

3575 9391 150 31 amongst
3750 9391 192 38 themselves
3956 9400 11 28 ?
4006 9405 65 28 No.
4112 9402 91 28 Were
4227 9398 71 33 they
4323 9392 123 33 coming
4468 9389 30 27 in
4515 9387 65 27 side
4605 9387 38 33 by

3575 9424 80 36 side,
3685 9427 33 28 in
3748 9431 118 33 parties
3877 9436 117 33 ?—Yes
4031 9444 30 27 in
4082 9441 134 33 parties;
4246 9438 72 28 they
4342 9438 77 20 were
4446 9428 31 27 in
4509 9425 135 35 military

3573 9472 106 30 array,
3696 9466 57 31 but
3770 9472 55 28 not
3841 9480 35 24 as
3893 9479 132 31 soldiers
4041 9480 120 36 usually
4175 9485 63 22 are.
4285 9471 71 31 Had
4367 9469 71 36 they
4452 9466 82 31 their
4548 9463 98 31 sticks

4693 1104 39 19 Oil
4759 1094 82 28 their
4866 1094 164 28 shoulders
5055 1096 66 28 this
5151 1107 66 27 way
5238 1101 175 38 (laughter)
5424 1102 121 31 ?—No.
5603 1104 60 28 Did
5691 1106 72 35 they

4693 1137 126 33 present
4833 1142 83 19 arras
4934 1134 90 28 when
5036 1135 72 36 they
5120 1145 88 22 cnme
5224 1150 39 27 up
5274 1143 35 25 to
5326 1143 54 27 the
5389 1145 126 31 general
5528 1143 99 30 ?—No
5644 1145 109 30 (lauirh-

4693 1173 72 36 ler).
4809 1172 60 28 Did
4893 1173 74 35 they
4991 1176 205 35 port.'—No,
5216 1181 44 27 sir
5283 1183 181 28 (continued
5488 1184 172 30 lauirhter).
5706 1186 58 27 Did

4690 1214 72 35 they
4784 1213 115 36 charge
4913 1213 121 35 ?—No,
5060 1216 52 28 sir.
5159 1217 13 27 I
5197 1219 77 28 have
5293 1228 69 19 now
5386 1230 82 27 pone
5491 1224 106 35 nearly
5625 1224 137 35 through

4690 1254 52 28 the
4769 1252 139 33 manual,
4937 1255 58 25 and
5024 1255 13 25 I
5063 1260 118 25 cannot
5197 1258 63 27 find
5285 1260 83 25 what
5384 1261 74 33 they
5474 1261 52 27 did
5543 1266 60 30 yet.
5647 1263 31 27 If
5691 1263 72 35 they

4690 1291 50 28 did
4757 1293 54 25 not
4835 1294 82 31 port,
4934 1293 27 25 if
4973 1293 74 35 they
5063 1293 49 28 did
5134 1298 55 24 not
5206 1296 101 27 salute
5321 1304 38 19 or
5378 1296 129 35 charge,
5529 1307 39 19 on
5594 1307 77 25 your
5685 1302 76 25 oath

4688 1331 49 30 did
4769 1332 72 33 they
4871 1329 132 30 halt?—
5003 1332 85 35 They
5118 1332 63 28 did.
5225 1334 202 36 (Laughter.)
5466 1334 65 35 Oh,
5559 1335 90 33 then,
5674 1339 87 27 there

4688 1380 80 20 were
4784 1370 80 28 lame
4880 1378 69 19 men
4967 1378 115 27 among
5104 1370 151 30 them?—
5255 1373 85 36 They
5357 1373 104 28 halted
5479 1373 87 27 when
5583 1375 74 33 tbey
5671 1383 88 20 came

4685 1417 33 24 to
4734 1411 54 28 the
4803 1409 159 38 platform.
5006 1409 206 39 (Laughter.)
5252 1414 87 35 They
5354 1413 90 28 could
5461 1416 54 25 not
5531 1411 69 36 help
5617 1411 24 28 it
5658 1413 74 27 then
5748 1409 6 39 ;

4688 1452 49 28 did
4754 1450 71 35 they
4843 1447 90 30 stand
4951 1450 31 25 at
4997 1457 74 19 ease
5082 1447 13 28 ?

4732 1488 154 41 [Witness
4901 1487 112 28 looked
5038 1496 16 17 a
5071 1488 80 30 good
5167 1488 72 31 deal
5260 1491 164 38 perplexed
5446 1499 35 20 as
5494 1493 33 25 to
5548 1490 52 28 the
5617 1496 139 22 answers

4687 1532 38 27 he
4740 1528 110 31 should
4866 1526 68 33 give
4951 1529 33 25 to
5000 1526 50 28 the
5066 1524 167 43 foregoing
5249 1531 61 28 and
5323 1532 118 30 several
5454 1531 35 28 of
5499 1531 52 28 the
5564 1526 192 39 subsequent

4685 1565 192 43 questions.]

4726 1609 85 28 John
4827 1606 98 35 Jolly,
4940 1603 134 30 another
5088 1603 79 30 head
5183 1609 176 35 constable,
5375 1617 63 20 was
5455 1611 74 27 next
5545 1608 162 28 examined
5723 1616 33 20 as

4688 1652 33 25 to
4735 1649 54 28 the
4808 1646 128 30 Mallow
4953 1644 150 33 meeting.
5143 1646 69 28 The
5227 1649 162 36 following
5405 1649 25 28 is
5452 1652 71 31 part
5537 1649 35 27 of
5586 1649 47 27 his
5649 1655 88 20 cross-

4688 1685 213 31 examination
4917 1682 146 28 •—What
5080 1687 94 25 tunes
5191 1685 52 30 did
5258 1690 74 35 they
5345 1690 68 35 play
5425 1687 68 30 ?—I
5507 1687 52 28 did
5575 1691 55 24 not
5646 1687 113 28 notice.

4691 1728 60 28 Did
4767 1729 71 30 they
4850 1724 68 35 play
4970 1720 154 30 Patrick's
5272 1737 36 19 or
5359 1726 106 36 Paddy
5480 1726 79 28 from
5724 1735 35 19 or

4816 1772 71 22 save
4912 1762 52 28 the
4989 1759 115 38 Queen
5117 1759 94 33 ?"'—l
5243 1767 77 28 took
5345 1775 39 20 no
5403 1767 101 28 notice
5526 1765 36 28 of
5584 1767 85 28 what
5685 1767 74 36 they

4688 1805 118 36 played.
4863 1802 72 28 Was
4964 1800 24 28 it
5017 1803 57 25 not
5107 1808 19 20 a
5156 1805 142 35 military
5324 1806 180 38 procession
5520 1805 238 36 ?—No—quite

4688 1846 83 28 civil.
4814 1838 202 39 (Laughter.)
5061 1839 102 36 Then,
5189 1850 47 22 we
5258 1846 87 38 quite
5370 1855 104 28 agree,
5499 1846 25 28 it
5548 1854 63 20 was
5625 1844 134 31 civil?—

4688 1885 76 28 Yes.
4805 1883 65 27 The
4885 1882 121 30 horses,
5022 1887 60 27 you
5096 1888 68 27 say,
5180 1891 83 20 were
5282 1885 186 36 apparently
5482 1885 30 27 in
5529 1885 124 36 regular
5669 1887 90 27 order

4687 1924 71 28 You
4786 1929 101 25 mean,
4918 1918 14 30 I
4964 1926 145 28 presume
5135 1918 33 30 in
5370 1924 194 30 order—fat
5586 1924 61 30 and
5674 1926 66 28 well-

4688 1962 159 36 groomed.
4891 1959 13 27 I
4932 1967 47 19 am
5009 1959 54 25 not
5088 1961 159 36 speaking
5271 1965 36 27 of
5326 1973 58 19 one
5411 1965 93 28 horse
5526 1967 30 25 in
5576 1965 180 36 particular,

4688 2011 79 19 were
4797 2002 74 35 they
4899 1997 41 30 all
4962 1997 46 28 fat
5022 1995 69 28 ?—I
5118 1995 52 30 did
5202 2003 57 28 not
5285 2005 115 28 notice.
5444 2005 61 28 Did
5534 2014 60 27 you
5622 2013 52 20 see
5696 2011 60 28 any

4687 2049 140 20 cannons
4852 2038 58 28 and
4943 2036 205 28 firearms?—
5151 2038 68 31 No.
5274 2043 98 28 What
5394 2044 126 28 became
5540 2044 35 27 of
5600 2044 52 27 the
5680 2043 76 27 dead

4688 2080 60 30 and
4773 2074 175 33 wounded?
4987 2074 211 38 (Laughter.)
5255 2080 71 30 You
5345 2091 57 28 say
5430 2083 87 28 there
5539 2091 79 19 were
5646 2082 58 27 five
5723 2088 35 20 or

4688 2121 47 27 six
4757 2121 109 25 horses
4891 2115 126 28 abreast
5038 2115 31 25 in
5099 2115 87 30 what
5211 2128 60 24 you
5293 2121 61 28 call
5380 2123 124 35 regular
5524 2121 112 28 order?
5641 2120 115 27 —Yes.

4693 2159 88 28 Were
4795 2157 82 28 their
4890 2156 74 28 tails
4981 2151 60 30 tied
5280 2161 65 28 No.

4729 2198 52 28 Mr
4795 2192 285 33 Whiteside—You
5096 2194 69 28 said
5181 2205 63 27 you
5260 2208 93 20 never
5362 2198 96 38 joked
5471 2208 39 19 on
5528 2206 76 27 your
5617 2197 74 28 oath
5704 2195 54 30 ?—

4687 2238 83 28 That
4797 2246 65 20 was
4885 2244 38 19 no
4942 2233 87 36 joke.
5069 2231 104 38 (Loud
5195 2236 178 38 laughter.)
5417 2238 60 31 Did
5501 2247 58 27 you
5575 2238 83 36 sleep
5674 2244 65 22 com-

4688 2277 139 35 fortably
4843 2277 69 27 that
4931 2272 90 35 nipht
5031 2271 11 28 ?
5085 2271 63 35 No,
5172 2274 124 31 indeed.
5339 2280 99 27 When
5465 2279 50 27 did
5531 2277 72 31 they
5617 2276 63 28 find
5696 2283 60 28 you

4688 2320 57 25 out
4761 2326 35 19 as
4811 2324 17 19 a
4844 2315 128 28 witness
4984 2310 148 30 ?—Some
5143 2312 77 31 time
5233 2317 98 30 about
5340 2318 52 27 the
5406 2318 109 28 month
5526 2318 33 27 of
5573 2315 183 30 December.

4729 2356 55 28 Mr
4805 2351 302 30 Whiteside—Now,
5134 2351 57 33 sir,
5208 2354 153 38 sincerely
5376 2357 135 36 wishing
5529 2365 60 27 you
5614 2356 55 30 the
5685 2362 54 30 pro-

4690 2395 120 27 motion
4838 2403 61 27 you
4931 2400 35 22 so
4992 2391 96 38 richly
5117 2387 143 43 deserve,
5291 2395 13 28 I
5335 2397 74 28 take
5444 2406 49 27 my
5510 2397 87 28 leave
5625 2395 33 28 of
5685 2403 72 28 you.

4688 2431 208 38 (Laughter.)
5669 2446 14 19 «

4729 2472 128 28 Sfeveral
4883 2472 91 28 other
5011 2468 178 31 constables
5219 2477 80 24 were
5334 2474 165 30 examined
5528 2476 31 28 in
5592 2483 19 20 a
5641 2474 120 30 similar

4688 2518 145 22 manner.

4723 2551 19 25 <J
4751 2559 85 17 times
4855 2550 134 27 Walker
5008 2557 66 17 was
5098 2548 76 30 tUea
5189 2556 107 19 uworn
5320 2550 61 28 and
5400 2554 167 27 examined
5589 2562 36 19 as
5647 2556 35 27 to
5704 2554 55 28 the

4687 2589 140 35 meeting
4841 2591 33 25 at
4888 2589 96 27 Tara.

4724 2627 124 35 George
4874 2627 143 33 Despard
5041 2635 65 20 was
5132 2627 68 28 also
5222 2628 164 27 examined
5400 2628 41 36 by
5458 2628 54 28 Mr
5526 2630 132 30 Warren
5674 2639 36 20 as
5724 2633 33 27 to

4682 2665 55 27 the
4753 2672 88 20 same
4857 2665 151 36 meeting.

4721 2704 93 27 After
4836 2704 55 27 the
4912 2702 217 28 examination
5145 2704 35 27 of
5200 2704 164 28 constable
5394 2704 83 28 John
5504 2706 178 36 Robinson,
5702 2710 54 28 the

4682 2740 99 30 Court
4797 2740 173 38 adjourned
4987 2745 33 25 at
5038 2746 72 33 past
5126 2743 58 28 five
5200 2742 121 30 o'clock
5339 2743 80 28 until
5436 2748 52 25 ten
5506 2748 76 27 next
5595 2746 74 38 day.

4959 2800 120 22 NINTH
5096 2800 384 25 DAY.—WEDNESDAY.

4718 2830 66 28 The
4800 2830 102 30 Court
4918 2836 50 24 sat
4986 2833 150 36 precisely
5151 2836 33 24 at
5200 2836 49 24 ten
5269 2833 137 28 minutes
5422 2836 71 35 past
5510 2838 54 25 ten
5581 2835 134 31 o'clock.

4715 2869 69 28 The
4800 2871 165 30 witnesses
4981 2871 162 30 examined
5159 2880 121 19 were—

4717 2909 110 28 James
4846 2910 113 35 Healy,
4976 2920 19 19 a
5016 2912 99 35 police
5131 2910 175 35 constable,
5329 2912 71 28 who
5417 2921 63 20 was
5504 2917 128 35 present
5647 2917 33 27 at
5701 2915 54 30 the

4677 2946 236 38 Mullaghmast
4929 2951 151 36 meeting.

4718 2986 123 30 Messrs
4868 2987 124 38 Cooper
5017 2991 61 27 and
5104 2989 139 30 Vernon,
5269 2989 35 27 of
5334 2989 54 28 the
5416 2991 231 38 Stamp-office,
5676 3002 82 20 were

4677 3025 228 38 subsequently
4915 3028 176 28 examined.
5137 3028 50 27 Mr
5205 3027 93 33 Duffy
5312 3028 118 38 having
5444 3031 77 27 been
5537 3033 115 35 proved
5669 3036 33 24 to
5718 3033 38 27 be

4677 3072 17 19 a
4710 3066 178 35 proprietor
4904 3068 35 27 of
4951 3068 54 28 the
5022 3068 117 28 Nation
5162 3074 194 27 newspaper,
5381 3071 120 28 several
5517 3074 142 25 extracts
5674 3072 80 27 from

4677 3104 71 28 that
4764 3113 94 28 paper
4874 3115 82 20 were
4972 3110 76 27 read
5061 3107 39 36 by
5118 3107 52 27 Mr
5186 3104 142 28 Vernon.

5225 3142 142 31 Quarter
5381 3148 74 33 past
5472 3148 72 30 Five
5561 3148 154 30 O'Clock.

4715 3183 68 28 The
4805 3181 102 30 Court
4931 3184 58 28 has
5011 3186 71 36 just
5104 3181 183 38 adjourned.
5340 3184 55 28 Mr
5422 3186 162 30 Vernon's
5611 3189 146 28 evidence

4679 3222 77 27 with
4784 3225 123 33 respect
4929 3227 33 25 to
4986 3225 55 27 the
5068 3225 91 27 other
5184 3228 200 30 newspapers
5406 3225 63 28 will
5491 3225 38 30 be
5546 3228 145 28 resumed
5707 3230 35 27 to-

4680 3269 134 20 morrow
4830 3263 145 36 evening.

4975 3320 123 22 TENTH
5121 3317 87 24 DAY.
5213 3315 257 27 —THURSDAY.

4715 3359 69 30 The
4802 3361 206 39 proceedings
5025 3362 63 28 this
5110 3361 58 36 day
5192 3357 49 28 did
5266 3361 54 28 not
5345 3370 129 27 possess
5501 3362 54 30 the
5580 3365 131 28 interest
5728 3367 35 27 of

4677 3408 60 25 any
4754 3400 35 28 of
4803 3402 54 27 the
4880 3402 167 36 preceding
5063 3402 88 35 days,
5167 3408 33 19 as
5224 3400 118 27 several
5359 3402 36 27 of
5414 3403 54 27 the
5493 3406 148 31 speeches
5657 3405 35 28 of
5707 3406 50 27 Mr

4677 3438 191 35 O'Connell,
4885 3441 54 27 the
4959 3439 206 38 descriptions
5187 3436 35 27 of
5241 3438 54 28 the
5318 3441 156 35 meetings
5499 3444 60 25 and
5589 3443 167 36 banquets,

4677 3477 126 36 already
4820 3480 135 27 referred
4973 3483 33 24 to
5022 3480 115 35 during
5151 3477 52 28 the
5219 3477 87 33 trial,
5334 3487 79 20 were
5436 3480 74 27 read
5526 3482 151 36 through,
5696 3483 60 27 and

4679 3518 148 36 occupied
4844 3518 52 28 the
4912 3520 50 27 far
4978 3521 124 33 greater
5115 3520 69 31 part
5200 3515 33 27 of
5246 3515 54 28 the
5315 3517 71 36 day.

4715 3557 66 28 The
4798 3556 350 33 Lord-Chief-Justice,
5164 3554 74 27 with
5263 3554 123 30 Justice
5409 3556 175 39 Crampton
5600 3559 60 28 and
5679 3559 77 28 Per.

4677 3595 60 33 rin,
4754 3597 77 28 took
4852 3597 85 28 their
4962 3600 85 25 seats
5071 3605 41 20 on
5134 3595 54 28 the
5214 3592 98 30 bench
5337 3598 33 24 at
5395 3605 19 17 a
5438 3603 129 30 quarter
5592 3600 83 27 after
5702 3602 55 27 ten

4677 3633 135 31 o'clock.

4715 3674 66 28 The
4808 3683 109 20 names
4943 3674 36 30 of
5000 3674 54 28 the
5079 3674 170 27 traversers
5274 3671 61 28 and
5361 3672 54 28 the
5438 3674 82 36 Jury
5542 3676 118 36 having
5674 3676 79 28 been

4677 3713 98 28 called
4789 3723 87 24 over,
4891 3715 60 28 and
4969 3715 41 27 all
5033 3712 186 33 answering,

4717 3751 54 30 Mr
4786 3753 135 28 Gartlan
4937 3751 121 38 applied
5074 3754 31 24 to
5121 3750 82 28 their
5225 3748 172 36 Lordships
5409 3753 31 25 to
5460 3751 113 36 permit
5589 3753 54 28 Mr
5658 3751 94 38 Duffy

4677 3794 33 25 to
4726 3792 87 27 leave
4827 3794 55 27 the
4896 3795 91 25 court
5008 3791 82 28 until
5113 3789 98 28 about
5236 3791 61 25 two
5323 3787 135 35 o'clock,
5487 3798 35 19 as
5548 3792 38 27 he
5613 3800 65 19 was
5701 3795 55 25 not

4680 3838 72 27 very
4770 3831 82 28 well.

4715 3869 66 27 The
4811 3866 310 39 Attorney-General
5150 3865 68 30 said
5239 3865 38 28 he
5304 3865 102 28 would
5433 3869 55 27 not
5513 3868 104 38 object
5643 3871 33 27 to
5701 3869 55 28 Mr

4677 3907 128 38 Duffy's
4820 3910 134 27 absence
4976 3909 49 27 for
5047 3907 54 27 the
5123 3904 107 39 period
5258 3906 194 31 mentioned.
5498 3907 50 30 He
5573 3909 102 30 would
5701 3910 55 30 not

4677 3948 74 27 take
4769 3948 101 27 notice
4885 3948 33 27 of
4932 3948 49 28 his
4995 3945 143 30 absence.

4717 3986 54 28 Mr
4784 3986 134 35 Verner,
4934 3987 33 27 of
4981 3986 52 30 the
5049 3984 112 38 Stamp
5176 3984 110 36 Office,
5315 3986 157 36 produced
5498 3987 121 30 several
5641 3987 68 30 files
5723 3989 36 28 of

4677 4033 213 28 newspapers.

4715 4063 154 28 Extracts
4885 4072 79 20 were
4980 4063 76 28 then
5069 4063 74 28 read
5154 4063 80 28 from
5252 4063 123 28 various
5391 4074 198 30 newspapers
5603 4068 61 28 and
5677 4066 60 39 pub-

4676 4099 146 30 lications
4836 4104 186 33 containing
5036 4104 146 35 speeches
5200 4101 58 28 and
5285 4109 151 25 accounts
5466 4107 33 27 of
5515 4107 165 38 meetings,
5698 4109 61 28 and

4676 4142 35 25 at
4723 4140 60 27 five
4797 4140 118 28 o'clock
4929 4142 54 27 the
4997 4142 101 28 Court
5113 4140 181 35 adjourned.

4964 4197 203 22 ELEVENTH
5186 4197 290 27 DAY.—FRIDAY.

4713 4239 98 28 Their
4836 4239 175 38 Lordships
5031 4241 175 35 (including
5230 4239 124 30 Justice
5384 4243 137 35 Burton,
5546 4247 71 27 who
5636 4247 123 30 seemed

4674 4279 88 35 quite
4778 4279 233 36 convalescent)
5027 4280 74 27 took
5120 4279 82 28 their
5217 4282 85 25 seats
5318 4288 41 20 on
5375 4282 54 28 the
5446 4285 98 27 bench
5559 4287 153 36 precisely
5726 4291 35 25 at

4677 4321 50 24 ten
4743 4317 137 28 o'clock.

4713 4354 66 28 The
4795 4357 175 25 traversers
4984 4354 61 28 and
5061 4356 54 28 the
5129 4356 79 35 Jury
5225 4354 74 30 then
5317 4359 154 33 appeared
5488 4359 30 28 in
5534 4362 83 27 their
5633 4370 106 28 respec-

4674 4394 63 28 tive
4751 4392 118 36 places.

4713 4431 66 28 The
4795 4430 214 28 examination
5025 4430 35 28 of
5074 4431 52 27 Mr
5140 4431 142 35 Vernon,
5307 4433 33 27 of
5361 4433 54 28 the
5433 4435 241 36 Stamp-Office,
5691 4446 66 20 was

4676 4471 76 27 then
4767 4469 145 28 resumed
4926 4469 38 35 by
4984 4469 52 27 Mr
5052 4469 120 36 Smyly.
5211 4471 66 27 The
5293 4471 129 28 witness
5433 4472 71 28 first
5518 4474 121 28 handed
5655 4476 31 25 in
5702 4476 54 28 the

4677 4507 183 30 Freeman's
4874 4507 135 28 Journal
5024 4509 35 27 of
5071 4509 54 28 the
5139 4509 57 28 4th
5211 4509 33 27 of
5258 4510 99 35 April,
5386 4515 88 28 1843,
5490 4512 80 28 from
5586 4513 102 27 which
5704 4515 52 25 the

4677 4548 115 36 deputy
4813 4546 85 28 clerk
4912 4545 35 30 of
4959 4548 54 27 the
5027 4545 115 30 Crown
5151 4546 76 28 read
5241 4548 54 27 the
5310 4550 205 35 proceedings
5528 4551 35 27 of
5573 4551 52 27 the
5639 4551 118 35 Repeal

4677 4586 200 30 Association
4893 4587 35 27 at
4945 4586 52 28 the
5014 4586 277 36 Corn-Exchange
5306 4595 39 19 on
5370 4587 38 28 3d
5436 4589 31 27 of
5485 4589 96 36 April,
5597 4589 161 36 including

4679 4627 54 28 Mr
4753 4625 206 30 O'Connell's
4984 4625 112 36 speech
5120 4625 58 27 and
5203 4625 55 28 the
5282 4625 219 30 observations
5526 4627 91 28 made
5638 4628 43 35 by
5704 4628 55 28 Mr

4679 4666 113 36 Steele,
4808 4666 69 27 who
4893 4663 66 30 said
4975 4665 39 28 he
5030 4663 154 38 appeared
5198 4665 88 28 there
5302 4674 35 19 as
5354 4674 58 20 one
5438 4666 35 28 of
5485 4666 52 30 the
5554 4668 104 36 repeal
5674 4676 61 20 war-

4677 4706 76 28 dens
4783 4706 35 28 of
4841 4704 145 36 London,
5014 4704 61 30 and
5101 4704 165 35 presented
5291 4706 49 28 his
5364 4709 118 35 august
5506 4706 104 30 leader
5638 4707 79 28 with
5740 4715 17 20 a

4677 4745 151 38 powerful
4844 4745 129 30 address
4989 4745 82 28 from
5088 4745 145 33 London,
5247 4745 54 30 the
5317 4745 131 36 reading
5461 4746 33 28 of
5510 4746 102 28 which
5630 4754 63 20 was
5712 4756 31 19 re-

4677 4786 107 30 ceived
4806 4786 39 36 by
4861 4786 54 28 the
4940 4786 139 36 meeting
5094 4786 76 28 with
5181 4786 167 30 reiterated
5359 4786 167 39 cheering;
5548 4787 69 30 also
5631 4795 17 22 a
5665 4787 93 30 letter

4680 4828 80 28 from
4787 4827 135 30 General
4945 4825 153 38 Clooney,
5129 4827 74 28 read
5230 4827 39 38 by
5299 4827 55 28 Mr
5383 4827 69 38 Ray
5479 4830 31 28 at
5534 4828 54 28 the
5611 4828 150 35 meeting.

4680 4869 66 30 The
4764 4868 173 31 Freeman's
4951 4868 132 31 Journal
5099 4869 35 30 of
5146 4869 54 30 the
5214 4869 71 30 31st
5299 4869 35 28 of
5348 4869 77 36 May
5441 4877 63 22 was
5526 4871 77 28 next
5619 4869 91 38 given
5728 4869 31 30 in

4682 4910 157 36 evidence,
4855 4912 63 30 and
4932 4915 33 25 at
4981 4912 52 30 the
5049 4912 143 30 instance
5208 4910 33 30 of
5258 4910 54 30 Mr
5324 4910 164 39 O'Hagan
5504 4910 60 31 and
5581 4910 52 31 Mr
5649 4909 112 36 Close,

4685 4954 55 30 Mr
4765 4953 213 31 O'Connell's
5003 4954 150 38 speeches
5178 4956 35 27 at
5233 4954 55 28 the
5312 4954 200 30 Association
5534 4962 82 22 were
5639 4951 76 31 read
5731 4956 33 27 at

4685 4995 123 35 length,
4824 4995 33 28 in
4872 4995 52 28 the
4940 5003 110 20 course
5072 4995 35 28 of
5123 4995 101 28 which
5246 4995 128 30 various
5398 4997 153 28 allusions
5575 5003 80 20 were
5674 4994 90 30 made

4685 5038 33 25 to
4732 5036 85 27 what
4825 5036 39 27 he
4877 5035 186 36 designated
5112 5036 55 27 the
5178 5036 112 27 ruffian
5302 5036 134 36 soldiery
5449 5036 33 27 of
5493 5036 101 30 Great

4685 5074 83 28 That
4784 5077 71 33 part
4866 5074 35 27 of
4913 5074 54 28 the
4984 5074 76 28 hon.
5077 5074 60 28 and
5159 5074 124 28 learned
5304 5076 189 28 traverser's
5517 5076 131 28 address
5663 5079 33 25 to
5712 5077 55 27 the

4685 5113 203 30 association,
4907 5113 74 27 with
4998 5113 157 27 reference
5173 5117 33 25 to
5224 5115 54 27 the
5304 5115 189 30 ill-founded
5523 5118 109 33 report
5654 5117 35 27 of
5712 5115 55 28 the

4682 5148 161 25 detention
4863 5150 36 25 of
4910 5151 52 24 the
4981 5154 126 28 present
5121 5151 85 27 Lord
5219 5151 189 27 Chancellor
5422 5154 31 24 in
5471 5162 19 17 a
5504 5154 121 27 lunatic
5641 5154 123 35 asylum

4682 5191 74 19 near
4772 5184 131 30 Dublin,
4921 5192 87 17 some
5025 5186 76 25 time
5124 5194 72 24 ago,
5220 5187 123 25 elicited
5372 5195 88 19 roars
5487 5189 36 25 of
5546 5189 159 33 laughter,
5731 5192 33 25 in

4680 5219 101 27 which
4800 5219 52 25 the
4866 5219 126 25 learned
5008 5219 121 31 Judges
5140 5220 123 30 joined.

4718 5255 66 28 The
4802 5254 243 36 Deputy-Clerk
5060 5255 35 25 of
5113 5255 55 25 the
5194 5254 113 27 Crown
5332 5257 76 24 next
5431 5255 173 33 proceeded
5627 5258 35 24 to
5685 5258 72 25 read

4680 5296 79 30 from
4776 5293 52 28 the
4846 5299 85 20 same
4946 5298 104 28 paper,
5066 5296 82 27 npon
5165 5290 52 25 the
5236 5293 126 30 request
5376 5290 35 25 of
5430 5291 54 24 Mr
5499 5291 107 30 Close,
5624 5293 129 25 counsel

4680 5335 49 28 for
4743 5334 52 28 the
4806 5334 180 28 traversers,
4997 5328 52 27 the
5063 5328 107 33 report
5186 5324 33 27 of
5233 5324 52 27 Mr
5301 5324 208 27 O'Connell's
5526 5326 112 33 speech
5650 5329 35 22 at
5699 5326 55 25 the

4682 5373 102 35 repeal
4808 5370 137 35 banquet
4975 5367 31 27 at
5036 5362 172 36 Longford,
5238 5362 61 27 and
5328 5362 68 27 also
5424 5362 54 27 the
5504 5365 104 31 report
5638 5362 36 25 of
5699 5362 54 27 the

4685 5416 121 28 Roman
4819 5406 143 33 Catholic
4980 5403 118 36 Bishop
5113 5402 35 28 of
5170 5400 142 30 Meath's
5335 5400 124 36 speech,
5487 5398 154 30 delivered
5666 5406 83 30 upon

4682 5455 54 30 the
4751 5458 85 24 same
4850 5447 157 30 occasion.

4723 5493 63 28 The
4803 5491 72 27 next
4891 5493 93 30 paper
4998 5480 113 39 proved
5128 5480 41 35 by
5189 5480 52 30 Mr
5261 5488 131 24 vernon,
5409 5485 39 22 on
5468 5480 52 25 Mr
5542 5480 107 31 bmyly
5665 5485 13 19 s
5696 5483 38 20 ex-

4685 5531 183 33 amination,
4887 5534 61 20 was
4964 5523 54 28 the
5033 5521 83 28 Pilot
5132 5521 35 27 of
5181 5521 52 27 the
5249 5521 54 28 sth
5320 5521 35 27 of
5373 5518 87 35 July,
5487 5518 80 27 from
5595 5517 99 28 which
5712 5517 39 27 he

4687 5573 71 30 read
4775 5580 38 19 an
4828 5567 106 30 article
5148 5561 118 36 Repeal
5280 5562 27 27 is
5501 5556 139 38 alluding
5650 5559 33 27 to
5699 5556 54 30 the

4688 5613 104 30 affairs
4811 5608 35 28 of
4858 5603 93 38 Spain
4967 5606 33 24 at
5016 5602 69 28 that
5101 5600 91 30 time.

4729 5652 49 28 Mr
4808 5647 106 35 Smyly
4942 5644 74 27 next
5043 5641 99 28 called
5170 5649 41 20 on
5241 5639 54 30 Mr
5321 5638 128 31 Vernon
5479 5639 33 27 to
5537 5636 135 39 produce
5701 5636 54 30 the

4688 5687 167 36 Freeman's
4865 5680 131 35 Journal
5009 5680 35 30 of
5055 5682 54 28 the
5124 5682 60 28 23d
5200 5682 35 28 of
5246 5682 139 36 August,
5403 5682 85 28 1843.

4728 5731 52 28 Mr
4794 5729 124 27 Vernon
4935 5721 153 38 produced
5104 5723 55 28 the
5181 5731 106 28 paper,
5307 5721 61 30 and
5392 5718 113 39 proved
5531 5718 72 30 that
5622 5718 27 30 it
5669 5726 87 22 came

4688 5773 79 27 from
4784 5769 50 27 the
4849 5765 110 33 Stamp
4975 5761 107 30 Office.
5132 5762 49 28 He
5208 5764 88 31 then,
5320 5765 33 25 at
5378 5762 52 27 Mr
5455 5759 137 38 Smyly's
5619 5759 140 36 request,

4688 5809 71 30 read
4775 5808 52 28 the
4844 5805 104 36 report
4962 5802 35 27 of
5019 5808 39 20 an
5083 5800 172 38 adjourned
5282 5802 137 36 meeting
5441 5800 33 30 of
5498 5800 54 30 the
5578 5800 98 35 Loyal
5691 5798 46 30 Na-

4688 5847 98 33 tional
4803 5841 115 39 Repeal
4937 5841 209 38 Association,
5162 5843 101 30 which
5279 5852 65 20 was
5359 5841 69 30 held
5452 5849 41 22 on
5515 5841 55 30 the
5595 5839 167 39 preceding

4690 5890 71 33 day,
4776 5888 33 25 at
4825 5885 52 27 the
4888 5882 87 28 Corn
4989 5880 187 41 Exchange.
5219 5883 66 28 The
5299 5887 107 35 report
5422 5882 102 30 stated
5537 5882 71 28 that
5624 5882 139 36 Stephen

4690 5926 148 35 Murphy,
4855 5923 90 35 Esq.,
4959 5921 90 28 acted
5065 5931 35 20 as
5123 5923 162 31 chairman
5309 5926 35 28 of
5367 5923 52 30 the
5447 5923 150 36 meeting,
5613 5921 61 30 and
5691 5921 72 30 that

4691 5967 49 28 Mr
4754 5965 79 35 Ray,
4849 5962 55 28 the
4917 5962 178 36 Secretary,
5112 5964 74 28 read
5203 5965 52 28 the
5272 5965 137 30 minutes
5422 5964 35 28 of
5469 5964 54 28 the
5534 5964 65 28 last
5614 5962 150 38 meeting.

4688 6006 54 28 Mr
4756 6003 140 33 Vernon,
4918 6005 33 25 at
4967 6002 52 28 Mr
5036 6003 140 38 Smyly's
5192 6008 139 35 request,
5348 6003 170 38 proceeded
5532 6006 35 27 to
5584 6003 74 30 read
5672 6003 90 30 other

4688 6046 87 35 parts
4791 6041 35 28 of
4838 6041 54 28 the
4917 6044 120 36 report,
5054 6044 102 30 which
5173 6044 104 30 stated
5301 6046 72 28 that
5395 6044 54 30 Mr
5474 6044 87 30 John
5589 6043 181 31 O'Connell

4690 6082 121 30 handed
4833 6082 31 28 in
4891 6080 49 31 £b
4972 6087 54 25 10s
5041 6082 82 31 from
5148 6093 87 22 some
5261 6085 197 30 subscribers
5482 6085 33 30 in
5540 6085 55 30 the
5620 6088 148 35 country,

4690 6123 60 28 and
4776 6123 72 28 that
4872 6123 54 28 the
4951 6132 131 28 persons
5110 6126 71 28 who
5208 6126 63 30 had
5296 6126 184 30 subscribed
5507 6128 55 28 the
5595 6135 69 20 sum
5691 6135 79 20 were

4691 6162 151 30 admitted
4860 6165 156 30 members
5031 6167 33 28 of
5079 6165 54 30 the
5150 6167 220 36 Association;
5394 6169 72 28 that
5493 6167 47 30 Dr
5564 6167 87 39 Gray
5677 6167 77 30 hand-

4691 6205 35 27 ed
4743 6205 31 28 in
4791 6205 69 28 half
4874 6211 88 24 notes
4978 6206 49 28 for
5041 6206 83 36 j£3l,
5140 6208 104 30 which
5268 6208 39 30 he
5332 6208 142 30 received
5488 6208 82 30 from
5586 6209 55 28 the
5657 6211 117 33 county

4693 6244 214 36 Fermanagh.

4732 6283 54 28 Mr
4802 6285 107 35 Smyly
4926 6288 74 25 next
5014 6285 99 30 called
5129 6296 41 19 on
5189 6288 52 28 Mr
5255 6288 129 30 Vernon
5402 6291 35 27 to
5463 6288 74 30 read
5565 6288 52 30 Mr
5644 6287 109 31 O'Con-

4693 6321 91 28 nell's
4800 6324 115 33 speech
4939 6326 169 28 contained
5131 6326 33 28 in
5189 6329 55 27 the
5266 6332 109 28 report
5398 6328 120 30 headed
5573 6329 154 27 Business
5743 6328 33 28 of

4691 6359 54 27 the

4732 6397 52 27 Mr
4800 6398 17 25 \
4830 6406 99 19 ernon
4945 6400 72 27 read
5035 6400 54 28 the
5120 6406 128 35 speech,
5274 6406 101 28 which
5400 6405 112 36 chiefly
5534 6403 169 30 contained
5721 6406 54 27 the

4690 6433 126 28 learned
4833 6436 211 35 gentleman's
5060 6438 224 36 observations
5299 6455 41 19 on
5356 6446 54 28 the
5431 6447 142 27 monster
5589 6444 137 36 meeting
5740 6446 35 25 at

4696 6472 88 30 Tisra,
4802 6476 35 25 at
4852 6474 115 33 which,
4984 6476 38 25 he
5038 6477 80 33 said,
5137 6480 87 30 there
5241 6493 79 19 were
5342 6485 153 35 certainly
5518 6493 60 19 one
5602 6483 118 28 million
5743 6482 33 27 of

4690 6518 131 27 persons
4838 6515 137 31 present,
4992 6513 68 28 who
5079 6523 80 22 were
5178 6529 36 19 so
5230 6523 126 33 drilled,
5373 6532 33 19 so
5425 6523 159 31 schooled,
5600 6523 72 27 that
5696 6521 74 33 they

4690 6548 153 27 observed
4860 6551 76 24 with
4959 6553 173 36 regularity
5150 6559 55 28 the
5220 6561 77 28 laws
5318 6562 33 28 of
5364 6562 80 35 God,
5460 6562 60 27 and
5534 6559 183 30 committed
5734 6565 39 20 no

4688 6592 98 20 crime
4803 6595 36 19 or
4855 6587 120 27 offence
4989 6591 129 33 against
5134 6595 55 28 the
5205 6600 77 28 laws
5298 6603 35 25 of
5345 6609 83 19 man.
5474 6600 49 27 He
5540 6600 66 25 also
5617 6598 28 27 in
5661 6597 24 28 it
5701 6605 54 28 pro-

4688 6625 131 25 claimed
4836 6625 54 27 the
4906 6627 98 27 union
5019 6630 33 25 to
5069 6630 38 28 be
5124 6636 66 27 null
5208 6638 61 28 and
5285 6639 83 27 void.
5414 6638 49 28 He
5488 6635 172 30 submitted
5685 6643 16 19 a
5720 6643 33 19 re-

4688 6663 72 30 port
4776 6663 101 33 styled
4894 6665 22 14 11
4932 6665 17 27 1
4962 6665 35 27 he
5016 6666 77 30 Plan
5121 6671 13 27 f
5135 6680 36 19 or
5197 6677 55 28 the
5277 6677 140 28 renewed
5433 6676 102 27 action
5564 6674 33 27 of
5619 6674 52 27 the
5691 6674 79 27 Irish

4691 6701 13 22 1
4718 6701 181 33 arliament,
4943 6702 60 27 and
5019 6707 173 33 concluded
5208 6715 39 35 by
5266 6718 124 31 moving
5398 6715 68 28 that
5480 6713 52 27 the
5542 6715 106 33 report
5660 6710 110 28 should

4688 6737 38 27 be
4742 6737 146 36 adopted,
4913 6743 139 33 printed,
5080 6748 61 27 and
5165 6753 184 35 circulated,
5375 6753 101 28 which
5499 6751 120 28 motion
5635 6759 65 19 was
5715 6754 55 30 put

4688 6778 61 24 and
4767 6778 134 27 carried.

4728 6814 54 27 Mr
4798 6814 109 35 Smyly
4924 6819 74 25 next
5014 6819 101 30 called
5129 6833 43 20 on
5189 6828 55 30 Mr
5258 6831 126 28 Vernon
5411 6830 33 27 to
5469 6828 72 27 read
5567 6828 52 27 the
5644 6825 126 35 leading

4932 6863 87 19 same
5036 6866 107 30 paper,
5162 6866 118 31 headed

4729 6894 52 24 -lr
4797 6894 11 24 (
4827 6894 77 28 lose,
4921 6901 38 19 on
4978 6894 54 27 the
5049 6899 189 35 traversers'
5257 6907 76 33 side,
5346 6906 98 28 called
5458 6915 41 19 on
5526 6904 52 28 Mr
5594 6904 126 27 Vernon
5737 6904 33 27 to

4688 6932 72 22 read
4778 6932 80 24 from
4876 6932 54 24 the
4945 6940 88 19 same
5049 6943 96 28 paper
5164 6943 54 28 Mr
5233 6945 206 30 O'Connell's
5460 6943 220 28 observations
5696 6950 38 19 on
5751 6950 17 19 a

4688 6967 93 28 letter
4797 6967 80 28 from
4896 6970 54 27 Mr
4967 6970 178 38 M'Kenna,
5162 6984 101 28 which
5282 6992 63 19 was
5362 6983 71 28 read
5449 6986 33 25 at
5499 6983 50 27 the
5565 6981 150 33 meeting.

4800 7008 74 50 \f,o
4885 7016 41 19 0a
4942 7017 14 19 r
4962 7047 22 11 „
5014 7008 310 50 .°bservations
5340 7020 96 28 called
5452 7020 58 33 for,
5529 7019 99 28 which
5649 7025 121 20 were—

4726 7047 52 25 Mr
4827 7047 9 24 )
4850 7047 134 27 Lonnell
5013 7057 31 19 in
5071 7054 162 33 reference
5261 7065 33 24 to
5323 7060 63 28 this
5414 7060 93 27 letter
5537 7057 80 31 said,
5641 7057 38 25 he
5702 7065 65 19 was

4688 7085 134 25 anxious
4838 7088 31 22 to
4885 7088 121 25 correct
5022 7094 38 20 an
5071 7096 88 24 error
5175 7096 69 30 into
5255 7099 99 27 which
5365 7098 52 27 the
5435 7098 104 27 writer
5548 7096 33 27 of
5595 7094 69 28 that
5676 7094 93 28 letter

4690 7123 60 27 hail
4772 7123 106 31 fallen,
4896 7132 30 19 in
4945 7126 176 38 supposing
5143 7132 72 30 that
5241 7137 54 28 the
5323 7135 117 28 Nation
5466 7142 61 20 was
5543 7134 54 27 the
5622 7140 99 25 organ
5737 7134 35 28 of

4688 7162 80 27 their
4784 7162 164 35 opinions;
4972 7164 90 27 there
5077 7173 66 22 was
5162 7180 39 19 no
5217 7183 94 27 paper
5339 7175 99 27 which
5463 7180 61 20 was
5551 7172 52 28 the
5619 7180 99 27 organ
5735 7173 35 27 of

4688 7200 82 28 their
4787 7200 156 36 opinions,
4959 7209 58 20 nor
5031 7202 52 28 did
5101 7206 54 27 the
5181 7211 203 28 Association
5409 7211 71 27 hold
5504 7211 88 27 itself
5606 7211 143 36 responsi-

4688 7239 49 30 ble
4754 7239 46 27 for
4817 7247 60 27 any
4893 7239 91 35 thing
4998 7241 71 27 that
5085 7249 154 31 appeared
5257 7250 31 27 in
5304 7258 60 25 any

4729 7279 52 28 Mr
4805 7277 106 38 Sinyly
4928 7282 76 25 next
5017 7280 98 28 called
5134 7283 49 28 for
5211 7288 52 27 the
5291 7288 85 27 Pilot
5400 7288 35 27 of
5457 7288 52 27 the
5537 7285 74 30 10th
5638 7287 128 35 March,

4691 7321 87 25 1843.

4731 7357 54 28 Mr
4797 7356 17 28 A
4828 7364 96 20 ernon
4942 7356 154 36 produced
5112 7359 55 27 the
5192 7370 109 28 paper,
5324 7364 61 28 and
5413 7362 113 39 proved
5551 7364 71 28 that
5638 7364 25 30 it
5679 7373 88 20 came

4691 7397 79 28 from
4786 7395 54 28 the
4857 7395 110 35 Stamp
4984 7395 109 30 Office.

4726 7436 66 27 The
4809 7435 123 35 Deputy
4950 7435 96 27 Clerk
5074 7436 33 27 of
5121 7436 52 30 thp
5198 7436 113 30 Crown
5331 7441 72 25 read
5419 7441 80 27 from
5518 7441 54 27 the
5595 7450 94 27 paper
5710 7444 54 25 the

4691 7474 123 33 leading
4836 7471 118 36 article,
4981 7472 118 31 headed
5537 7480 99 27 which
5660 7488 66 19 was
5748 7488 17 19 a

4688 7513 157 27 comment
4863 7520 82 28 upon
4970 7512 54 28 the
5038 7515 113 35 speech
5176 7515 33 27 of
5224 7515 54 28 the
5299 7524 57 19 son
5373 7518 35 27 of
5422 7518 54 27 Mr
5491 7515 169 30 President
5672 7518 93 36 Tyler

4690 7559 39 19 on
4748 7548 115 36 repeal.

4729 7589 52 27 Mr
4800 7589 17 25 \
4830 7597 98 20 ernon
4954 7592 76 28 next
5054 7592 87 36 read,
5165 7592 41 36 by
5230 7594 55 30 the
5312 7595 151 30 direction
5491 7595 33 30 of
5540 7595 52 30 Mr
5608 7595 118 38 Smyly,
5746 7603 17 22 a

4688 7636 90 27 poem
4795 7627 79 28 from
4891 7628 54 28 the
4962 7630 118 31 Nation
5101 7635 36 28 of
5148 7635 52 28 the
5214 7638 49 25 Ist
5277 7636 33 30 of
5324 7638 90 36 April
5430 7641 87 31 1643,
5528 7636 131 30 entitled

4691 7666 142 35 Memory
4849 7668 35 28 of
4898 7669 54 28 the

4729 7707 41 25 At
4786 7706 52 28 the
4855 7712 189 33 suggestion
5060 7715 31 28 of
5107 7715 54 28 Mr
5175 7715 189 35 Whiteside,
5384 7718 52 28 Mr
5450 7717 131 30 Vernon
5600 7717 76 28 then
5691 7715 72 30 read

4688 7753 19 20 a
4723 7751 91 28 poem
4830 7745 80 30 from
4926 7751 54 27 the
4997 7761 87 24 same
5101 7765 106 28 paper,
5222 7757 142 35 entitled,
5424 7757 54 33 My
5499 7756 170 35 Beautiful,
5685 7756 79 28 mine

4690 7784 88 35 Own,
4828 7786 101 30 which
4954 7792 123 30 excited
5104 7797 93 28 much
5222 7797 145 36 laughter
5392 7797 30 28 in
5449 7795 115 30 Court-
5616 7797 49 28 He
5691 7797 74 25 next

4688 7831 68 49 ffxi
4778 7831 28 19 ai
4808 7863 9 17 |
4836 7833 33 19 ar
4872 7830 13 24 '
4888 7836 27 19 lc
4918 7828 6 52 '
4929 7836 16 22 e
4962 7831 13 27 f
4976 7841 46 19 ro|
5022 7843 19 19 n
5058 7836 54 27 the
5128 7836 80 27 Pilot
5222 7836 35 27 of
5279 7838 54 25 the
5346 7838 76 27 28th
5438 7838 33 25 of
5485 7838 137 33 August,
5638 7833 126 35 headed,

4729 7863 57 27 The
4808 7863 107 33 Battle
4932 7869 33 27 of
5123 7874 139 28 likewise
5277 7882 19 19 a
5312 7879 106 31 report
5430 7874 36 28 of
5479 7882 17 20 a
5512 7876 139 35 meeting
5666 7874 33 27 of
5712 7872 52 28 the

4691 7901 117 36 Kepeal
4825 7904 216 41 Association,
5066 7917 33 24 at
5115 7912 99 28 which
5239 7912 54 28 Mr
5309 7912 173 30 O'Connell
5499 7913 123 35 moved,

4688 7940 54 27 the
4756 7943 184 31 committee
4959 7948 36 30 be
5011 7953 164 35 requested
5200 7954 33 24 to
5249 7951 91 27 make
5356 7954 241 35 arrangements
5619 7953 74 27 with
5710 7951 52 27 the

4688 7978 79 28 Pilot
4783 7981 61 28 and
4866 7983 142 43 Evening
5022 7989 159 36 Freeman,
5197 7992 31 27 to
5249 7989 126 38 publish
5392 7992 214 38 supplements
5620 7991 76 30 with
5710 7989 54 30 the

4690 8019 118 33 weekly

4731 8058 54 27 Mr
4808 8060 129 33 Vernon
4964 8069 87 35 then,
5074 8068 154 38 pursuant
5249 8068 36 27 to
5299 8066 154 33 direction
5469 8069 80 30 from
5573 8069 54 28 Mr
5644 8068 118 36 Smyly,

4690 8096 72 27 read
4789 8106 19 20 a
4833 8099 77 41 long
4935 8106 94 31 letter
5049 8110 99 27 which
5164 8115 63 19 was
5252 8107 165 36 published
5433 8110 33 27 in
5491 8110 54 27 the
5562 8109 85 28 Pilot
5661 8115 82 20 news-

4691 8143 106 27 paper,
4825 8139 112 36 signed
4964 8145 137 31 Richard
5132 8148 118 30 Power,
5282 8145 91 36 P.P.,
5406 8148 213 33 Kilrossentv,
5649 8148 113 33 county

4745 8178 6 50 <
4751 8178 49 25 ter
4802 8178 16 44 /
4902 8181 120 33 beaded
5038 8186 61 28 and
5115 8184 135 30 defining
5266 8184 150 30 whatth;
5433 8187 104 27 writer
5554 8184 164 30 conceived
5729 8189 33 22 to

4691 8214 36 27 be
4865 8219 117 33 Duties
4995 8225 35 28 of
5054 8235 17 19 a
5287 8225 68 27 The
5369 8227 150 36 principle
5539 8224 172 30 advocated
5723 8222 41 36 by

4691 8252 52 28 the
4759 8260 151 28 reverend
4935 8266 181 33 gentleman
5140 8271 74 24 was,
5230 8261 71 30 that
5318 8265 88 28 there
5422 8274 79 19 were
5517 8263 121 30 bounds
5655 8266 31 27 to
5710 8263 52 27 the

4691 8291 170 33 obedience
4879 8299 102 30 which
4997 8312 19 20 a
5031 8304 113 28 soldier
5169 8301 112 28 should
5294 8302 113 30 render
5422 8307 33 25 to
5477 8304 52 28 the
5545 8304 107 27 orders
5668 8302 35 28 of
5715 8302 47 27 his

4691 8337 220 36 commanding
4929 8343 120 28 officer.
5090 8346 44 24 As
5150 8342 72 33 long
5244 8348 33 19 as
5291 8340 90 28 these
5395 8343 186 27 commands
5597 8350 79 20 were
5687 8340 77 38 just,

4693 8372 36 25 he
4751 8372 115 31 should
4888 8378 79 38 obey
4989 8383 88 28 them
5091 8372 6 46 ;
5121 8381 57 27 but
5200 8378 25 28 if
5244 8386 19 20 a
5279 8378 214 30 Government
5515 8389 80 20 were
5611 8380 153 38 depraved

4691 8413 128 35 enough
4846 8417 33 25 to
4904 8422 91 27 enter
5008 8430 41 19 on
5074 8430 19 19 a
5109 8428 63 19 war
5195 8417 35 28 of
5252 8417 131 35 plunder
5406 8419 128 36 against
5548 8427 41 20 an
5614 8419 150 28 unarmed

4693 8449 61 28 and
4778 8454 208 43 unoffending
5008 8460 118 38 people,
5151 8458 52 27 the
5227 8457 117 28 soldier
5367 8458 113 30 should
5494 8458 49 28 die
5567 8458 104 28 rather
5687 8460 77 27 than

4693 8488 137 31 advance
4847 8501 17 20 a
4882 8499 71 35 step
4969 8499 30 27 in
5017 8501 76 27 such
5110 8507 16 19 a
5142 8502 93 24 cause
5252 8498 33 25 at
5301 8496 55 28 the
5383 8499 129 35 bidding
5526 8498 35 28 of
5573 8507 58 27 any
5647 8498 117 28 human

4694 8528 109 38 being.
4843 8532 68 31 The
4926 8537 93 30 letter
5033 8534 165 33 concluded
5217 8532 74 28 with
5317 8543 39 19 an
5373 8540 169 33 argument
5556 8540 33 25 to
5606 8539 54 27 the
5674 8537 91 28 effect

4693 8567 72 28 that
4781 8569 38 28 he
4835 8573 72 28 who
4924 8576 102 28 would
5041 8578 77 33 obey
5134 8573 77 30 such
5231 8572 109 28 orders
5354 8583 65 20 was
5435 8584 19 19 a
5466 8575 137 33 coward,
5619 8575 61 28 and
5693 8575 71 28 that

4694 8606 54 27 the
4764 8609 96 38 really
4877 8611 96 31 brave
4994 8624 72 20 man
5082 8622 63 20 was
5165 8613 38 27 he
5224 8611 68 27 who
5313 8611 61 28 had
5397 8614 54 27 the
5466 8622 134 27 courage
5622 8617 33 24 to
5671 8614 93 27 brave

4693 8646 55 28 the
4762 8655 235 33 consequences
5011 8655 35 27 of
5058 8654 76 28 such
5150 8660 17 20 a
5181 8649 142 28 virtuous
5339 8649 231 31 disobedience.
5611 8652 66 27 The
5691 8658 55 20 con-

4696 8693 170 28 sequences
4883 8694 33 25 to
4932 8693 54 28 the
5006 8701 76 28 poor
5098 8691 101 30 fellow
5220 8687 101 36 might
5334 8687 39 28 be
5387 8688 258 30 disastrous—he
5663 8690 101 33 might

4696 8723 36 28 be
4750 8726 87 35 shot,
4852 8729 58 28 but
4926 8732 38 25 he
4980 8731 101 28 would
5096 8732 79 27 have
5191 8728 50 28 the
5258 8726 167 36 sympathy
5439 8728 61 27 and
5517 8726 142 36 blessing
5672 8728 35 28 of
5721 8726 41 30 all

4696 8762 71 30 that
4786 8773 63 22 was
4865 8770 80 35 good
4957 8770 60 27 and
5033 8770 142 27 virtuous
5191 8775 38 19 on
5244 8764 90 28 earth
5353 8767 33 24 to
5400 8765 126 27 console
5540 8765 77 27 him.

4735 8803 55 28 Mr
4811 8806 176 30 Whiteside
5011 8808 76 30 then
5109 8805 98 31 called
5227 8811 39 20 on
5283 8803 52 27 Mr
5350 8802 128 28 Vernon
5493 8803 33 27 to
5548 8803 74 28 read
5636 8811 19 22 a
5669 8803 94 30 letter

4696 8841 101 30 which
4814 8847 154 35 appeared
4984 8849 31 28 in
5030 8849 55 28 the
5101 8846 115 30 Nation
5230 8843 33 28 of
5282 8841 52 28 the
5348 8841 39 28 3d
5403 8841 197 38 September,
5619 8852 80 30 page
5717 8849 47 25 10.

4739 8880 54 30 Mr
4814 8883 129 31 Vernon
4959 8888 74 27 read
5055 8888 54 27 the
5134 8887 102 30 letter,
5261 8879 101 28 which
5389 8888 66 22 was
5472 8890 60 20 one
5546 8883 109 38 copied
5683 8885 82 30 from

4698 8918 54 30 the
4781 8921 137 38 JVarder,
4943 8928 60 27 and
5027 8935 65 19 was
5115 8921 107 38 signed
5356 8939 8 8 .
5405 8920 66 30 The
5499 8923 106 30 writer
5627 8926 33 28 of
5672 8924 27 30 it
5712 8926 36 30 de-

4696 8959 104 30 clined
4824 8964 129 38 signing
4978 8967 54 28 the
5057 8962 189 33 declaration
5269 8959 49 27 for
5343 8959 54 27 the
5457 8961 101 31 Great
5584 8965 184 31 Protestant

4909 9008 57 25 not
4989 9006 131 27 because
5145 9003 36 27 he
5197 9006 61 19 was
5282 9005 17 20 a
5315 8997 165 41 Repealer,
5507 9003 60 30 but
5581 9005 134 31 because
5731 9006 39 30 he

4701 9044 63 22 was
4781 9039 191 41 thoroughly
4986 9041 169 33 convinced
5167 9039 69 30 that
5250 9038 90 28 those
5364 9038 71 31 who
5450 9041 112 39 signed
5578 9046 25 30 it
5619 9055 80 22 were
5715 9050 55 27 not

4699 9076 54 28 the
4770 9080 69 27 true
4855 9080 120 31 friends
4991 9082 36 30 of
5038 9083 54 28 the
5104 9082 123 28 throne.

4737 9115 66 28 The
4830 9118 98 30 Clerk
4951 9123 36 27 of
5006 9123 54 28 the
5085 9121 112 28 Crown
5222 9115 74 28 then
5318 9117 146 31 readout
5491 9123 54 28 the
5561 9124 87 30 titles
5671 9126 35 28 of
5720 9128 50 28 the

4699 9156 123 28 several
4838 9157 187 31 documents
5039 9156 153 41 produced
5208 9156 30 28 in
5252 9154 159 38 evidence,
5427 9161 65 28 and
5507 9165 129 28 marked
5652 9167 101 31 them.

4739 9194 68 28 The
4822 9198 132 39 reading
4969 9202 35 27 of
5016 9202 54 28 the
5085 9197 183 31 documents
5282 9194 118 39 having
5414 9198 118 38 closed,

4740 9233 134 31 Charles
4901 9239 186 33 Hovendon,
5110 9238 161 35 Inspector
5293 9233 36 28 of
5356 9235 118 36 Police,
5499 9249 65 22 was
5586 9244 101 30 called
5712 9247 61 30 and

4702 9274 164 30 examined
4898 9277 39 35 by
4962 9279 52 28 Mr
5044 9274 209 33 Brewster—l
5285 9272 93 27 know
5411 9277 44 27 Dr
5477 9279 296 41 Gray—(identified

4702 9310 123 30 him—l
4852 9315 93 28 know
4961 9318 54 27 Mr
5038 9318 83 28 John
5146 9312 172 31 O'Connell
5334 9310 6 46 ;
5372 9313 9 27 I
5400 9320 151 28 attended
5573 9326 33 25 at
5622 9324 52 28 the
5691 9326 68 30 arbi-

4704 9351 134 30 trator's
4852 9359 102 33 court,
4972 9356 172 30 Blackrock
5157 9364 8 25 ;
5184 9354 11 27 I
5213 9359 61 19 saw
5293 9351 50 27 Mr
5361 9354 83 30 John
5469 9357 180 33 O'Connell
5663 9365 88 28 there
5767 9351 6 49 ;

4707 9389 11 25 I
4746 9389 80 30 have
4852 9402 74 20 seen
4951 9397 71 28 that
5047 9397 178 35 gentleman
5250 9395 31 22 at
5309 9392 54 27 the
5384 9395 194 33 arbitration
5592 9389 112 49 court;
5731 9406 44 27 Dr

4704 9427 87 38 Gray
4817 9438 66 22 was
4912 9435 88 28 there
5028 9443 94 20 once:
5162 9433 54 27 Mr
5243 9430 175 30 O'Connell
5444 9444 65 19 was
5537 9438 90 31 there
5657 9447 118 25 several

4706 9466 94 30 times
4828 9471 113 38 sitting
4967 9482 35 22 as
5027 9482 41 22 an
5093 9472 180 31 arbitrator,
5299 9469 61 28 and
5384 9474 107 38 acting
5507 9483 36 22 as
5559 9480 98 33 such;
5682 9480 11 30 I
5712 9491 63 20 was

5827 1110 88 31 there
5940 1110 69 30 fir9t
6033 1121 82 28 upon
6145 1115 52 27 the
6227 1115 69 31 17th
6323 1115 33 27 of
6381 1115 159 36 October;
6565 1115 16 30 i
6595 1118 54 28 did
6671 1123 55 24 not
6748 1121 74 27 take
6838 1131 63 25 any

5830 1156 109 30 notes;
5956 1153 90 28 there
6063 1162 63 19 was
6142 1162 58 20 one
6214 1162 72 20 case
6302 1156 54 28 the
6372 1156 69 28 first
6455 1159 71 28 dav.

5865 1192 282 30 Cross-examined
6167 1194 41 35 by
6227 1195 50 27 Mr
6296 1195 148 30 Ffatchell
6454 1214 31 5 —
6504 1197 11 28 I
6540 1206 63 19 was
6620 1200 57 27 not
6690 1200 88 27 there
6795 1203 31 25 at
6844 1200 55 30 the

5825 1236 268 24 commencement
6107 1233 107 27 before
6238 1241 61 27 any
6315 1244 60 19 one
6387 1244 87 19 came
6501 1236 66 28 into
6584 1238 52 28 the
6652 1247 88 19 room
6756 1233 6 38 ;
6784 1239 11 28 I
6816 1244 83 25 went

5825 1271 87 27 there
5939 1271 98 28 about
6063 1280 17 17 n
6104 1276 131 31 quarter
6258 1277 71 30 past
6354 1274 106 27 eleven
6482 1274 121 30 o'clock
6611 1280 13 30 1
6652 1279 88 27 there
6770 1287 60 20 xvas
6858 1288 41 19 no

5820 1309 198 28 obstruction
6052 1310 123 27 thrown
6205 1310 31 27 in
6266 1312 54 25 the
6357 1315 195 33 way—quite
6581 1317 55 25 the
6665 1326 124 19 reverse
6805 1328 9 24 ;
6843 1321 55 27 the

5819 1348 142 31 greatest
5976 1346 150 28 kindness
6140 1356 63 19 was
6219 1348 110 27 shown
6345 1351 33 25 to
6392 1359 153 27 persons;
6569 1351 55 30 Mr
6638 1340 191 49 O'Conneli,
6847 1359 46 27 Dr

5819 1384 96 35 Gray,
5945 1384 60 27 and
6033 1386 131 27 another
6189 1386 180 35 geutleman
6397 1397 80 19 were
6493 1391 90 28 there
6597 1384 6 41 ;
6631 1394 55 25 the
6702 1395 192 30 arbitrators

5819 1425 60 24 met
5896 1424 30 25 in
5943 1430 17 19 a
5976 1422 102 36 public
6098 1422 247 36 reading-room.
6392 1425 14 27 I
6430 1435 93 20 never
6545 1428 96 28 heard
6657 1431 76 27 that
6751 1435 74 33 they
6843 1441 50 22 sat

5816 1460 31 28 in
5874 1460 71 28 that
5972 1469 87 20 room
6079 1460 120 30 before.
6252 1463 115 27 Before
6389 1465 156 36 anything
6572 1474 65 20 was
6661 1469 68 27 said
6756 1471 52 28 did
6836 1477 55 24 not

5816 1499 170 35 somebody
6011 1501 83 27 state
6118 1501 71 27 that
6206 1501 54 28 the
6285 1501 191 28 arbitrators
6498 1502 61 28 had
6584 1512 38 20 no
6647 1515 106 25 power
6780 1510 35 27 to
6828 1515 61 28 act,

5816 1546 57 20 nor
5887 1539 50 28 did
5954 1540 72 35 they
6043 1546 128 22 assume
6184 1548 60 27 any
6255 1546 102 28 power
6373 1540 106 28 unless
6490 1542 54 28 the
6562 1543 115 35 parties
6691 1548 173 27 consented
6879 1548 14 27 ?

5814 1578 77 28 Yes.
5935 1578 14 28 I
5965 1578 52 28 did
6033 1581 57 27 not
6104 1587 52 20 see
6170 1587 60 27 any
6244 1580 66 27 fees
6331 1578 83 35 paid,
6427 1586 58 20 nor
6502 1587 61 27 any
6580 1583 180 33 gentleman
6778 1586 93 35 plead-

5814 1617 57 38 ing
5893 1619 88 28 there
6008 1619 140 36 wearing
6170 1627 17 19 a
6216 1616 206 39 professional
6450 1617 88 30 dress
6556 1627 8 27 5
6589 1619 52 28 the
6663 1630 132 28 persons
6817 1625 71 28 who

5816 1658 124 27 wanted
5967 1660 33 25 to
6027 1660 79 27 have
6129 1658 82 27 their
6230 1655 181 30 differences
6439 1658 115 27 settled
6576 1660 175 28 consented
6780 1665 33 25 to
6830 1666 57 25 the

5816 1696 137 30 decision
5978 1698 35 28 of
6035 1698 54 28 the
6112 1696 187 30 arbitrators
6312 1704 9 25 ;
6346 1696 90 27 there
6461 1704 63 20 was
6545 1706 38 19 no
6605 1698 137 28 decision
6762 1701 91 28 while
6871 1702 14 28 I

5816 1745 65 20 was
5904 1737 112 33 there;
6041 1737 52 27 the
6117 1737 91 27 court
6230 1742 63 20 was
6315 1734 172 35 adjourned
6512 1737 31 27 to
6562 1734 211 39 Kingstown;
6803 1740 13 27 I
6836 1742 54 28 did

5816 1780 57 27 not
5896 1778 77 28 hear
5989 1784 61 28 any
6072 1775 156 31 decision;
6255 1773 14 28 I
6296 1776 83 25 went
6394 1773 88 28 there
6499 1775 30 28 in
6553 1784 50 27 my
6622 1776 139 30 uniform
6775 1789 9 24 ;
6805 1780 11 28 I
6836 1781 54 27 did

5817 1819 55 25 not
5887 1825 39 27 go
5943 1816 87 28 there
6044 1816 31 27 in
6093 1816 52 27 the
6156 1814 162 27 character
6328 1811 35 27 of
6375 1819 19 20 a
6408 1813 134 36 tipstaff,
6557 1822 38 19 or
6611 1822 38 19 an
6663 1814 107 30 officer
6784 1819 35 27 of
6831 1820 55 28 the

5816 1860 110 30 court;
5953 1855 14 28 I
5994 1855 50 27 did
6060 1857 55 25 not
6139 1852 69 36 give
6231 1860 60 27 any
6307 1860 112 28 person
6446 1852 181 30 intimation
6650 1855 72 30 that
6750 1857 13 28 I
6783 1860 104 28 would

5814 1894 129 33 attend;
5964 1894 13 27 I
5995 1893 112 33 merely
6121 1890 118 28 walked
6255 1890 31 28 in
6302 1890 61 28 and
6380 1893 50 25 sat
6446 1890 88 28 down
6550 1901 8 25 ;
6586 1893 13 28 I
6616 1893 54 28 did
6685 1898 57 27 not
6757 1904 50 22 see
6825 1907 61 20 acv

5814 1934 93 28 oaths
5923 1929 219 33 administered
6154 1940 8 22 ;
6180 1929 96 28 heard
6290 1929 55 28 the
6367 1931 118 35 parties
6501 1934 85 27 state
6600 1934 55 28 the
6671 1943 96 22 cause
6783 1939 35 28 of
6831 1940 57 27 the

5814 1973 165 28 difference
5995 1970 139 27 between
6150 1969 83 27 them
6247 1976 8 24 ;
6280 1969 54 27 the
6350 1976 72 20 case
6438 1978 65 20 was
6523 1972 173 38 adjourned
6712 1981 35 25 to
6765 1975 102 41 Kings-

5814 2016 85 25 town
5912 2020 9 25 ;
5940 2009 13 28 I
5970 2008 50 30 did
6036 2011 54 25 not
6104 2016 39 27 go
6156 2011 35 25 to
6208 2006 202 38 Kingstown.

5852 2050 65 28 The
5932 2046 310 36 Attorney-General
6258 2049 72 28 here
6348 2047 167 41 Siiid—My
6532 2052 96 38 Lord,
6644 2063 46 22 we
6704 2057 85 31 close
6805 2066 83 30 upon

5814 2090 52 28 the
5882 2091 71 33 part
5967 2088 35 27 of
6014 2087 52 28 the
6082 2085 129 30 Crown.

5854 2129 52 27 Mr
5932 2126 123 35 Moore,
6080 2126 85 31 Q..C.
6191 2126 202 38 (addressing
6405 2129 55 28 the
6482 2129 219 44 Court)—My
6723 2134 96 36 Lord,
6836 2134 54 33 Mr

5814 2167 85 30 Sheil
5921 2175 65 20 was
6009 2170 35 25 to
6069 2167 80 28 have
6173 2169 118 35 opened
6315 2170 54 27 the
6395 2170 85 36 reply
6496 2180 41 20 on
6564 2173 109 30 behalf
6685 2178 36 27 of
6735 2176 54 30 Mr
6806 2178 83 30 John

5813 2206 202 35 O'Connell;
6036 2208 39 28 he
6091 2208 60 28 has
6175 2206 79 30 been
6269 2208 126 33 unwell,
6411 2209 61 28 and
6494 2211 143 33 confined
6652 2217 35 27 to
6701 2216 50 30 his
6767 2216 58 31 bed
6843 2217 49 30 for

5813 2247 54 28 the
5882 2247 63 28 last
5961 2247 88 30 three
6074 2257 36 20 or
6126 2249 71 28 four
6211 2247 88 36 days,
6324 2249 76 28 with
6427 2258 39 19 an
6482 2254 112 28 attack
6608 2255 36 27 of
6660 2257 50 28 his
6728 2257 68 28 side
6808 2266 8 24 5
6833 2258 60 27 but

5813 2287 39 28 he
5866 2288 65 28 will
5945 2287 38 30 be
5997 2287 72 31 able
6083 2290 33 28 to
6134 2287 109 31 attend
6266 2290 189 27 to-morrow
6471 2293 159 39 morning.
6676 2296 214 36 Considering

5814 2326 55 30 the
5893 2328 143 28 lateness
6050 2329 35 27 of
6104 2329 54 27 the
6181 2329 90 33 hour,
6294 2329 60 27 and
6370 2329 55 28 the
6450 2334 186 33 magnitude
6652 2335 35 28 of
6701 2337 52 27 the
6770 2345 83 22 case,
6871 2339 25 25 it

5816 2375 74 28 may
5906 2370 57 27 not
5975 2367 39 30 be
6028 2367 183 30 considered
6225 2372 52 25 too
6296 2369 90 28 much
6403 2370 186 38 indulgence
6602 2376 35 27 to
6650 2375 58 28 ask
6726 2375 52 30 the
6794 2375 102 28 Court

5816 2411 33 25 to
5866 2408 91 28 allow
5975 2408 55 28 the
6047 2417 72 19 case
6134 2413 33 24 to
6184 2408 91 28 stand
6293 2416 76 22 over
6391 2409 50 28 till
6455 2414 189 27 to-morrow
6661 2416 157 35 morning.
6865 2414 33 28 It

5817 2457 65 20 was
5907 2447 154 36 arranged
6077 2449 71 28 that
6172 2449 50 28 Mr
6249 2447 87 31 Sheil
6351 2449 112 30 should
6480 2460 181 22 commence
6682 2455 54 27 the
6751 2455 87 35 reply
6854 2461 41 20 on

5816 2488 110 28 behalf
5937 2488 35 27 of
5986 2488 54 28 Mr
6054 2488 87 30 John
6151 2488 197 36 O'Connell;
6375 2499 39 19 an
6428 2490 8 28 1
6452 2491 27 28 it
6493 2493 102 27 would
6619 2493 39 28 be
6672 2493 224 28 inconvenient

5817 2531 31 25 to
5861 2526 60 30 call
5937 2537 83 28 upon
6036 2529 54 28 the
6104 2529 131 30 counsel
6249 2529 49 30 for
6321 2532 55 28 the
6391 2532 91 27 other
6504 2532 175 28 traversers
6694 2537 33 25 to
6740 2540 82 28 open
6838 2534 55 28 the

5816 2575 85 20 case.

5855 2603 312 30 Chief-Justice—Tt
6181 2603 27 28 is
6224 2611 17 20 a
6258 2611 74 30 very
6348 2602 184 31 reasonable
6548 2602 206 36 application.

5854 2644 68 27 The
5934 2652 71 19 case
6030 2652 63 20 was
6120 2644 76 28 then
6219 2644 173 36 adjourned
6417 2647 33 25 to
6477 2647 54 24 ten
6553 2644 124 27 o'clock
6702 2647 191 24 to-morrow

5816 2682 157 36 morning.

5858 2786 102 31 More
5991 2783 135 31 Troops
6157 2792 66 20 for
6254 2781 217 30 Ireland.—
6480 2781 157 38 Saturday
6666 2781 112 30 orders
6808 2789 82 22 wero

5811 2836 71 27 sent
5896 2836 33 25 to
5945 2830 85 30 Lord
6046 2827 198 36 Bloomfield,
6258 2827 236 28 Commandant
6510 2827 35 28 of
6562 2825 186 36 Woolwich,
6761 2825 47 30 for
6825 2830 65 25 two

5811 2876 178 38 companies
6005 2874 33 28 of
6058 2871 79 31 Foot
6153 2871 63 30 and
6231 2880 17 20 a
6266 2871 123 38 battery
6413 2869 35 30 of
6469 2869 101 30 Horse
6591 2871 161 36 Artillery,
6767 2876 33 24 to
6817 2879 54 28 pro-

5811 2921 77 28 ceed
5902 2918 211 38 immediately
6129 2917 47 28 for
6194 2915 120 30 Dublin
6329 2915 41 38 by
6386 2915 126 38 railway
6528 2918 31 24 to
6573 2912 178 41 Liverpool.
6797 2915 76 30 Seve-

5813 2964 46 31 ral
5885 2964 170 39 regiments
6080 2962 79 28 have
6186 2961 143 30 received
6356 2961 109 28 orders
6490 2964 33 25 to
6548 2959 38 30 be
6614 2959 33 28 in
6679 2961 159 28 readiness
6860 2964 33 25 to

5814 3009 128 28 embark
5957 3011 33 25 at
6006 3016 19 20 a
6039 3006 169 30 moment's
6222 3006 104 30 notice
6342 3006 49 27 for
6408 3005 52 28 the
6477 3013 83 20 same
6578 3003 205 30 destination.
6830 3006 41 28 Ar-

5814 3057 200 33 rangements
6043 3052 79 28 have
6151 3052 79 28 been
6266 3049 91 30 made
6395 3047 74 30 with
6501 3047 55 30 the
6586 3049 148 28 different
6764 3049 129 38 railway

5816 3096 151 30 directors
5995 3096 47 28 for
6058 3096 54 28 the
6129 3094 178 30 immediate
6331 3101 195 30 conveyance
6546 3091 35 30 of
6595 3096 118 35 troops,
6729 3093 115 30 should
6869 3094 25 28 it

5814 3140 38 30 be
5869 3140 98 30 found
5983 3148 164 28 necessary
6162 3143 31 27 to
6211 3139 153 30 reinforce
6381 3137 54 30 the
6450 3145 87 30 army
6553 3137 33 28 in
6603 3135 140 31 Ireland.

6172 3257 373 74 Scotland.

5860 3391 165 31 Counter
6047 3389 205 33 Movement
6269 3400 43 20 to
6328 3400 69 19 the
6417 3389 265 31 League.—We
6709 3391 121 39 rejoice
6863 3398 33 24 to

5814 3444 57 20 see
5890 3435 69 30 that
5978 3433 154 33 Scotland
6151 3435 68 28 also
6235 3433 28 30 is
6277 3444 71 19 now
6362 3435 184 39 beginning
6564 3441 33 24 to
6613 3438 99 36 speak
6734 3444 66 27 out,
6817 3436 82 31 East

5816 3479 143 30 Lotbian
5976 3485 66 22 met
6058 3479 175 39 yesterday
6244 3477 172 41 (Friday),
6433 3477 60 31 and
6515 3480 115 36 passed
6646 3490 90 20 some
6754 3482 142 39 spirited

5814 3523 222 36 resolutions;
6060 3523 243 30 Berwickshire
6315 3523 68 28 will
6402 3529 87 24 meet
6501 3524 33 28 in
6554 3534 16 19 a
6589 3523 60 30 few
6669 3526 106 38 days;
6805 3526 69 28 Rox-

5814 3567 197 38 burghshire
6030 3567 66 30 will
6113 3573 57 24 not
6189 3567 39 30 be
6247 3565 47 30 far
6312 3567 121 30 behind
6449 3576 11 27 ;
6483 3569 61 28 and
6564 3570 33 27 in
6617 3569 41 28 all
6676 3570 181 30 directions
6876 3581 17 19 a

5814 3611 98 38 spirit
5932 3609 36 28 of
5983 3611 181 30 resistance
6183 3611 57 27 has
6258 3611 83 28 been
6362 3613 137 28 aroused
6520 3611 106 30 which
6647 3614 65 30 will
6731 3624 55 20 ere
6811 3614 80 39 long

5814 3663 96 19 cause
5928 3654 57 28 the
6000 3652 132 39 League
6151 3660 33 22 to
6198 3654 90 39 quail
6304 3654 113 30 before
6433 3655 82 30 it.—
6517 3654 90 31 Kelso
6622 3657 93 30 Mail.

5860 3707 80 30 Hen
5961 3718 69 19 and
6047 3707 211 31 Chicks.—A
6280 3707 71 30 Fife
6367 3709 104 28 friend
6499 3720 65 19 was
6581 3712 169 36 surprised
6778 3721 41 20 on
6836 3712 60 30 the

5813 3751 151 38 morning
5989 3753 36 28 of
6200 3751 148 28 Handsel
6584 3753 41 36 by
6650 3764 17 19 a
6698 3756 65 28 ben
6781 3756 63 30 and
6877 3767 16 19 a

5813 3795 107 30 dozen
5951 3794 35 31 of
6011 3803 112 30 young
6148 3795 156 27 chickens
6332 3795 157 36 stepping
6518 3795 71 30 into
6617 3797 52 30 his
6699 3800 192 36 farm-yard.

5811 3838 71 31 The
5899 3838 65 31 ben
5981 3838 61 31 had
6063 3844 49 22 sat
6129 3836 135 35 herself,
6293 3846 17 19 a
6329 3847 77 19 verv
6438 3841 137 28 unusual
6602 3839 238 31 circumstance
6858 3849 35 24 at

5814 3882 66 30 this
5896 3882 115 39 period
6024 3880 35 31 of
6074 3882 55 30 the
6140 3890 90 31 year.
6277 3879 72 31 The
6367 3880 126 31 mother
6510 3883 60 28 and
6589 3882 110 41 family
6713 3894 55 20 are
6786 3885 107 43 doing

5814 3937 33 22 as
5865 3928 74 30 well
5957 3937 35 20 as
6009 3937 57 20 can
6085 3928 41 28 he
6143 3926 170 41 expected.

5858 3984 159 31 Capital
6039 3981 301 35 Shooting.—We
6362 3981 202 33 understand
6586 3983 72 33 that
6676 3984 54 31 Mr
6751 3983 82 33 Ross
6860 3984 39 33 of

5819 4030 132 38 Rossie,
5973 4030 250 41 Craigdarrocb,
6252 4036 33 24 at
6312 4038 19 20 a
6348 4030 153 41 shooting
6520 4036 94 35 party
6644 4038 31 24 at
6693 4030 143 39 Brahan,
6852 4041 41 22 on

5817 4074 161 41 Monday,
5992 4076 142 41 brought
6162 4076 96 31 down
6274 4085 17 20 a
6310 4074 172 31 woodcock
6507 4076 77 30 with
6603 4085 63 22 one
6694 4077 117 38 barrel,
6827 4077 61 30 and

5817 4121 77 30 wiib
5926 4121 55 30 the
6009 4121 94 31 other
6132 4129 65 24 two
6225 4121 79 30 cock
6332 4121 189 39 pheasants,
6540 4131 17 20 a
6584 4123 150 41 sporting
6765 4123 128 41 exploit

5817 4165 106 31 which
5943 4175 49 20 we
6009 4169 83 28 have
6112 4176 102 20 never
6230 4164 99 33 heard
6348 4164 164 43 equalled.

5863 4211 80 30 Mrs
5967 4209 307 33 Giluour.—Mrs
6296 4209 167 30 Christina
6485 4209 151 31 Gilmour
6660 4209 157 31 attended
6849 4209 31 30 di-

5817 4255 76 28 vine
5912 4257 128 28 service
6068 4255 33 28 in
6128 4257 57 28 the
6211 4255 107 38 parish
6337 4255 121 30 church
6477 4255 35 30 of
6528 4255 146 38 Duntop,
6691 4266 41 19 on
6750 4255 142 30 Sabbath

5817 4298 202 36 se'ennigbt.
6066 4298 142 38 Though
6235 4299 57 30 the
6320 4299 113 38 object
6458 4299 38 30 of
6521 4301 93 28 much
6644 4301 159 28 attention
6830 4299 61 28 and

5816 4340 173 38 curiosity,
6014 4340 60 30 she
6091 4343 192 38 comported
6301 4343 124 30 herself
6441 4343 77 30 with
6539 4350 93 33 great
6647 4345 162 30 calmcess
6827 4343 66 31 and

5814 4392 208 28 composure.

5858 4425 126 28 Early
6003 4425 307 33 Nestlings.—As
6329 4439 16 19 a
6372 4428 94 38 proof
6480 4428 35 30 of
6537 4430 55 28 the
6611 4430 159 31 mildness
6791 4433 36 27 of
6841 4433 55 27 the

5814 4476 132 25 season,
5965 4477 49 19 we
6043 4477 71 28 may
6145 4474 148 25 mention
6323 4472 69 27 that
6414 4472 98 38 Hugh
6535 4472 109 39 Boyd,
6660 4474 106 39 police
6789 4476 110 28 officer

5814 4510 63 28 and
5896 4510 71 28 bird
5989 4510 134 33 fancier,
6140 4510 60 30 has
6227 4515 31 27 in
6279 4515 54 28 his
6350 4513 280 39 dwelling-house
6660 4518 33 27 in
6718 4518 57 28 the
6792 4518 104 30 Little

5816 4553 94 30 Dove
5940 4553 85 36 Hill,
6039 4553 172 39 Glasgow,
6228 4564 19 20 a
6274 4562 77 24 nest
6369 4556 36 28 of
6430 4559 161 30 beautiful
6609 4562 146 28 canaries
6775 4573 17 19 a
6820 4561 77 31 fort*

5814 4595 98 41 night
5928 4597 68 30 old.

5858 4650 175 31 Colossal
6065 4650 135 30 Statue
6233 4660 39 20 of
6304 4661 69 20 tiib
6406 4652 235 36 Queen.—On
6680 4655 217 41 Wednesday

5814 4696 153 39 morning
5995 4707 19 19 a
6030 4694 140 31 colossal
6187 4701 109 25 statue
6315 4696 36 30 of
6376 4698 57 28 her
6452 4696 159 39 Majesty,
6633 4701 107 28 which
6773 4702 57 30 baa
6854 4704 49 27 for

5814 4750 90 20 some
5921 4740 79 30 time
6020 4746 74 35 past
6110 4743 79 27 been
6206 4740 33 30 in
6258 4750 118 20 course
6394 4740 36 30 of
6444 4742 176 28 execution
6641 4743 41 38 by
6701 4751 60 22 our
6780 4751 102 24 towns-

5814 4795 74 20 man
5909 4784 52 30 Mr
5978 4784 106 38 Steel,
6096 4795 66 19 was
6181 4784 172 31 exhibited
6375 4792 31 24 to
6424 4784 57 30 the
6498 4784 165 39 public,in
6683 4786 54 30 the
6753 4789 143 38 position

5817 4830 27 31 it
5874 4830 28 31 is
5929 4830 192 30 henceforth
6148 4830 154 30 destined
6332 4836 33 24 to
6391 4833 139 36 occffpy,
6546 4838 41 22 on
6617 4830 57 30 the
6701 4838 55 33 top
6781 4833 36 28 of
6841 4835 57 28 the

5819 4876 107 41 Royal
5945 4874 213 38 Institution,
6173 4874 148 41 fronting
6340 4882 31 25 to
6394 4872 143 33 Prince's
6551 4874 120 33 Street.
6712 4877 50 31 Its
6775 4879 106 30 dimen-

5819 4926 88 30 sions
5926 4934 54 22 are
6008 4932 41 24 on
6068 4932 17 20 a
6104 4932 90 20 more
6219 4921 140 31 colossal
6376 4921 87 31 scale
6493 4921 77 30 than
6589 4932 61 30 any
6669 4923 71 31 that
6759 4923 55 31 has
6841 4929 60 36 yet

5820 4973 83 30 been
5923 4970 172 33 exhibited
6124 4972 35 28 in
6178 4969 66 31 this
6272 4975 153 33 country,
6444 4967 99 41 being
6573 4967 110 41 neatly
6713 4970 74 31 four
6805 4972 98 30 times

5824 5019 57 30 the
5899 5019 69 31 size
5987 5017 31 31 of
6036 5016 72 38 life,
6126 5016 112 39 while,
6252 5014 82 33 from
6354 5014 57 31 the
6428 5014 164 31 elevation
6611 5014 33 33 of
6661 5016 57 31 the
6737 5016 167 43 pedestal,

5825 5066 68 30 this
5921 5066 148 38 gigantic
6088 5063 101 41 figuie
6219 5063 28 30 is
6271 5060 153 35 redacci
6433 5071 47 24 -*o
6507 5074 17 19 a
6554 5063 126 33 nalatal
6706 5063 205 44 prepur'dea,

5824 5110 63 30 and
5917 5110 205 30 harmouises
6151 5107 79 30 with
6250 5107 55 30 the
6335 5109 145 28 massive
6499 5107 150 38 building
6679 5118 41 20 on
6740 5109 106 28 which
6874 5109 27 25 it

5822 5153 129 31 stands.
5998 5153 71 31 The
6085 5151 88 41 style
6192 5153 63 28 and
6271 5151 124 38 feeling
6411 5151 36 30 of
6460 5153 65 27 this
6542 5157 93 30 great
6652 5153 87 25 work
6754 5151 36 27 of
6803 5153 49 24 art
6869 5148 28 27 is

5822 5195 178 38 decidedly
6022 5197 145 28 abstract
6183 5195 61 27 and
6272 5195 118 28 classic
6406 5206 9 24 ;
6439 5195 61 27 and
6526 5195 55 27 the
6608 5194 102 28 wbole
6737 5191 142 35 composi-

5819 5236 66 27 tion
5904 5238 60 25 Las
5992 5238 82 27 been
6104 5236 162 28 modelled
6287 5238 31 27 in
6339 5236 57 28 the
6419 5236 99 38 style,
6534 5235 63 30 and
6616 5244 39 19 on
6674 5236 55 27 the
6748 5236 145 27 severest

5816 5276 191 35 principles,
6024 5277 36 27 of
6071 5277 142 27 Grecian
6233 5282 60 22 art.
6343 5277 68 27 The
6427 5277 88 27 lines
6532 5279 33 24 of
6583 5277 54 27 the
6652 5285 110 19 statue
6781 5282 52 20 are
6858 5271 33 28 of

5813 5318 94 27 great
5937 5315 137 25 breadth
6091 5326 9 20 ;
6126 5317 55 27 the
6200 5321 211 30 arangeirent
6428 5318 63 25 and
6520 5318 72 25 flow
6608 5315 39 30 of
6671 5318 55 27 the
6745 5313 143 30 massive

5811 5350 140 36 drapery
5970 5361 35 17 as
6035 5353 76 27 well
6128 5362 35 19 as
6189 5356 57 25 tbe
6263 5356 112 25 Greek
6403 5356 61 25 and
6485 5356 115 36 purely
6616 5356 117 27 classic
6764 5353 124 35 feeling

5808 5389 175 38 displayed
6013 5392 33 25 in
6077 5392 57 27 the
6162 5392 104 27 whole
6294 5395 228 31 composition,
6551 5403 82 27 gave
6663 5397 25 27 it
6712 5405 41 17 an
6778 5394 49 27 air
6855 5392 38 28 of

5808 5433 164 38 grandeur
5989 5431 107 28 which
6115 5433 140 27 recalled
6276 5439 31 20 to
6324 5443 60 17 our
6413 5436 94 35 fancy
6526 5436 55 27 the
6606 5436 79 35 long
6702 5436 61 27 lost
6783 5435 101 36 spirit

5808 5476 35 31 of
5869 5477 129 30 ancient
6017 5480 60 24 art.
6126 5474 66 30 Her
6222 5474 142 41 Majesty
6384 5476 27 28 is
6428 5476 214 36 represented
6671 5477 115 30 seated
6806 5487 41 20 on
6866 5485 19 22 a

5808 5521 118 30 throne
5945 5518 79 30 with
6052 5518 54 30 the
6124 5517 131 31 diadem
6282 5528 39 19 on
6351 5518 57 30 her
6436 5518 102 38 brow,
6554 5521 231 43 representing
6814 5523 74 30 that

5811 5575 88 22 worn
5917 5565 39 39 by
5975 5564 57 31 her
6049 5573 39 20 on
6109 5562 41 30 all
6178 5570 85 22 state
6282 5564 181 33 occasions,
6482 5564 60 31 her
6559 5565 90 39 right
6666 5567 87 30 band
6772 5578 118 30 grasps

5811 5611 57 30 the
5885 5616 143 31 sceptre,
6047 5608 61 30 and
6126 5608 60 30 her
6203 5608 60 30 left
6282 5608 91 30 leans
6397 5617 41 20 on
6455 5609 58 30 the
6543 5614 69 33 orb,
6631 5614 209 33 emblematic
6858 5616 35 31 of

5813 5655 58 33 her
5888 5652 165 33 extended
6069 5663 87 30 sway
6173 5665 8 27 ;
6205 5652 57 33 her
6279 5654 83 31 head
6381 5652 28 35 is
6427 5655 137 46 slightly
6580 5658 150 36 inclined
6748 5663 143 33 towards

5814 5704 55 30 the
5888 5699 290 43 right.—Courant.

5858 5746 71 31 The
5948 5746 88 39 price
6065 5745 35 30 of
6124 5745 109 33 wheat
6260 5746 33 31 in
6321 5745 142 36 London
6480 5751 66 33 and
6562 5751 98 35 Paris
6677 5754 30 33 is
6729 5756 167 43 precisely

5817 5794 54 31 the
5890 5803 102 27 6ame,
6006 5792 76 36 viz.,
6096 5792 38 30 6s
6151 5802 19 20 a
6186 5792 129 38 bushel,
6339 5795 306 46 notwithstanding
6669 5811 17 22 a
6701 5802 137 33 harvest
6855 5806 43 41 by

5819 5849 39 22 no
5872 5849 113 20 means
6003 5838 167 31 abundant
6186 5838 36 31 in
6238 5838 170 43 England.

5863 5896 69 33 The
5950 5896 76 30 Earl
6043 5893 35 33 of
6094 5894 176 31 Mansfield
6299 5896 28 31 is
6359 5901 159 39 expected
6537 5902 129 41 shortly
6693 5909 33 25 to
6742 5904 74 33 lead
6846 5906 57 31 tbe

5820 5942 159 33 beautiful
6009 5943 61 30 and
6101 5942 241 41 accomplished
6367 5945 82 30 Miss
6479 5946 118 31 Baillie
6625 5948 35 30 of
6677 5950 227 39 Mellerstain,

5822 6000 74 20 near
5915 5987 115 38 Kelso,
6046 5987 98 31 sister
6162 5994 33 25 to
6222 5989 57 30 the
6299 5989 227 33 Marohioness
6542 5991 39 31 of
6594 5992 227 35 Breadalbane
6836 5998 66 30 and

5825 6036 55 33 the
5896 6035 165 33 Countess
6079 6035 33 31 of
6128 6035 246 36 Ashburnham,
6392 6041 31 25 to
6443 6036 57 30 the
6515 6036 176 41 hymeneal
6707 6038 96 33 nltar.

5871 6093 135 31 Wreck
6024 6102 43 24 of
6082 6101 71 22 the
6180 6091 146 31 Phcenix
6351 6101 36 24 in
6413 6102 20 22 a
6460 6093 99 33 Snow
6584 6096 120 30 Storm
6764 6098 120 35 Dread-

5830 6150 65 24 ful
5910 6140 87 33 Loss
6011 6150 41 22 of
6069 6140 211 31 Life.—The
6294 6140 161 43 following
6468 6142 189 39 particulars
6668 6143 33 31 of
6715 6143 63 31 this
6789 6146 102 31 melan-

5828 6189 91 38 choly
5935 6187 202 39 catastrophe
6159 6197 52 20 are
6227 6189 165 30 extracted
6408 6189 80 30 from
6506 6198 17 20 a
6539 6189 96 33 letter
6649 6191 33 31 of
6699 6191 55 31 the
6770 6192 139 41 Captain

5830 6233 55 41 (R.
5902 6231 146 43 Turner)
6077 6238 33 25 to
6137 6233 55 30 the
6216 6243 107 20 owner
6339 6235 35 30 of
6395 6235 54 30 the
6471 6236 96 31 vessel
6591 6235 72 44 (Mr
6683 6236 41 33 T.
6746 6238 164 41 Stickney,

5830 6277 400 41 Scarborough):—After
6258 6280 120 39 stating
6403 6280 71 30 that
6502 6282 54 30 the
6584 6283 96 30 vessel
6709 6285 98 30 sailed
6830 6285 80 30 from

5831 6323 181 30 Miramichi
6027 6332 41 19 on
6085 6323 55 28 the
6156 6323 65 28 22J
6235 6323 191 38 November,
6438 6326 80 30 from
6534 6328 102 30 which
6654 6328 77 31 time
6748 6340 43 27 up
6808 6334 31 25 to
6857 6329 54 30 the

5830 6367 82 28 26th
5935 6375 72 28 very
6024 6367 173 28 boisterous
6225 6369 139 28 weather
6389 6378 63 19 was
6482 6372 222 36 experienced,
6732 6373 57 30 the
6816 6373 94 30 letter

5830 6409 151 38 proceeds
5997 6413 31 25 to
6181 6411 107 27 About
6301 6414 63 25 two
6376 6413 124 28 o'clock
6517 6422 41 19 on
6575 6414 54 28 the
6641 6416 150 38 morning
6806 6417 33 28 of
6854 6417 54 28 the

5830 6452 91 36 20th,
5937 6452 55 28 the
6008 6452 85 28 wind
6117 6452 63 30 had
6195 6454 164 28 increased
6386 6458 31 24 to
6433 6463 19 19 a
6469 6457 180 33 hurricane,
6674 6458 55 27 the
6745 6458 69 36 ship
6831 6469 57 19 run-

5828 6496 79 38 ning
5921 6496 102 27 under
6039 6496 235 28 double-reefed
6290 6496 222 36 main-topsail,
6528 6498 65 28 and
6606 6498 206 33 close-reefed
6828 6502 66 30 fore-

5828 6539 112 38 topsail
5967 6539 65 27 and
6058 6539 134 28 foresail.
6238 6539 129 36 Shortly
6381 6540 186 27 afterwards
6594 6540 55 30 the
6676 6543 76 28 land
6770 6553 63 22 was
6860 6556 33 22 re-

5828 6581 110 38 ported
5962 6589 19 19 a
6006 6580 91 35 head,
6121 6581 63 28 and
6200 6581 55 28 the
6276 6581 69 38 ship
6373 6589 63 20 was
6463 6583 213 39 immediately
6691 6586 117 33 hauled
6825 6591 85 31 close

5828 6633 83 28 upon
5929 6633 19 19 a
5964 6624 83 28 wind
6060 6633 11 27 ;
6093 6624 57 28 but
6164 6624 55 28 she
6236 6633 63 19 was
6315 6633 33 19 so
6364 6624 83 31 close
6471 6625 31 30 in
6521 6627 69 28 that
6606 6627 24 31 it
6647 6638 63 22 was
6726 6631 183 39 impossible

5828 6672 31 24 to
5876 6668 87 28 clear
5975 6666 38 35 it,
6027 6668 63 28 and
6106 6671 35 25 at
6154 6668 98 28 about
6265 6666 90 30 three
6370 6666 123 31 o'clock
6504 6669 55 30 she
6573 6672 110 28 struck
6701 6683 41 20 on
6761 6677 54 30 the
6828 6683 79 25 west

5827 6712 66 28 side
5907 6710 35 30 of
5964 6710 139 38 Langley
6120 6710 107 28 Island
6243 6709 306 43 (Newfoundland).
6592 6715 33 30 It
6641 6726 63 22 was
6726 6721 181 36 impossible

5827 6754 47 27 for
5891 6764 35 19 us
5943 6757 31 25 to
5991 6754 41 27 do
6047 6764 61 27 any
6126 6753 91 39 thing
6233 6762 85 20 more
6334 6754 50 28 for
6398 6756 55 28 the
6476 6756 99 39 safety
6589 6759 36 27 of
6649 6761 55 28 the
6721 6764 71 38 ship
6806 6775 11 25 ;
6841 6769 66 28 still

5827 6797 14 30 I
5858 6797 197 30 entertained
6071 6806 41 19 an
6129 6797 69 30 idea
6214 6797 71 28 that
6299 6797 57 30 she
6372 6800 94 28 could
6483 6800 38 30 be
6537 6806 55 31 got
6608 6802 52 35 off,
6685 6806 63 28 and
6765 6808 142 33 direeted

5827 6841 54 28 the
5901 6849 83 20 crew
6011 6844 33 25 to
6071 6844 55 25 cut
6151 6849 87 28 away
6255 6839 55 30 the
6335 6841 180 33 mainmast.
6561 6844 69 30 Our
6657 6847 107 31 efforts
6789 6857 118 33 proved

5825 6885 150 33 fruitless,
6000 6882 63 30 and
6080 6888 31 24 at
6139 6883 151 38 half-past
6315 6883 71 30 four
6402 6887 57 30 the
6485 6896 52 22 sea
6564 6890 93 31 made
6671 6893 80 30 such
6769 6907 19 19 a
6803 6907 104 30 sweep

5825 6937 72 19 over
5912 6926 58 30 her
5991 6926 98 30 decks
6104 6926 69 30 that
6189 6937 47 19 we
6263 6929 115 38 sought
6394 6931 110 41 refuge
6520 6932 33 30 in
6578 6934 57 31 the
6650 6939 104 30 cabin.
6803 6942 104 31 Thero

5827 6981 44 19 we
5888 6970 161 30 remained
6066 6970 49 30 till
6139 6970 54 30 the
6209 6970 140 33 violence
6365 6975 35 28 of
6424 6975 55 31 the
6499 6978 71 30 surf
6595 6984 87 30 stove
6706 6986 35 28 in
6756 6986 55 31 the
6827 6995 63 22 star-

5825 7014 96 30 board
5937 7014 68 30 side
6020 7014 61 30 and
6110 7017 85 27 stern
6214 7016 150 31 windows
6378 7028 11 27 ;
6408 7022 77 36 and,
6509 7024 106 41 owing
6638 7030 35 28 to
6690 7028 54 31 the
6761 7036 146 27 constant

5825 7058 143 38 working
5991 7058 35 30 of
6049 7058 55 30 the
6123 7058 129 36 rudder,
6280 7060 54 30 the
6362 7063 80 31 deck
6471 7069 63 28 and
6559 7069 142 43 skylight
6732 7085 82 20 were
6843 7077 68 28 also

5825 7101 118 31 broken
5961 7110 43 20 in.
6052 7101 60 31 We
6137 7112 71 20 now
6225 7104 76 30 took
6332 7107 120 33 shelter
6477 7112 33 30 in
6528 7113 55 30 the
6598 7117 176 36 forecastle,
6803 7121 63 28 and
6883 7121 25 28 it

5824 7145 76 30 here
5915 7146 156 38 appeared
6087 7154 35 20 as
6137 7146 27 28 if
6175 7146 43 30 all
6235 7157 58 20 our
6309 7150 77 33 lives
6398 7164 82 22 were
6496 7161 35 27 to
6546 7159 38 30 be
6597 7162 176 35 sacrificed,
6789 7164 49 28 for
6854 7164 55 31 the

5822 7198 54 20 sea
5890 7191 156 36 appeared
6061 7191 96 30 above
6180 7192 55 30 the
6250 7194 98 31 lower
6364 7198 83 30 deck
6458 7211 11 25 ;
6493 7203 76 35 and,
6584 7214 35 19 as
6635 7214 17 19 a
6669 7206 60 30 last
6746 7216 161 25 resource,

5825 7241 46 22 we
5899 7243 80 20 were
6006 7235 126 39 obliged
6148 7239 33 27 to
6197 7246 39 28 go
6252 7247 87 30 upon
6367 7241 55 30 the
6438 7246 87 28 main
6542 7247 80 30 deck
6649 7252 33 25 to
6699 7250 134 39 prolong
6849 7260 58 20 our

5822 7277 170 30 existence.
6043 7279 87 31 Here
6156 7290 47 20 we
6220 7291 82 20 were
6318 7288 139 35 exposed
6485 7293 33 25 to
6545 7290 55 30 the
6617 7290 57 30 full
6698 7293 71 36 fury
6792 7294 35 27 of
6852 7296 55 27 the

5822 7324 98 25 storm
5935 7332 9 25 ;
5969 7323 63 28 and
6047 7326 31 25 to
6096 7329 129 33 prevent
6238 7329 159 30 ourselves
6413 7332 94 38 being
6524 7334 124 28 washed
6663 7337 184 35 overboard,
6860 7346 46 20 we

5822 7364 109 30 lashed
5948 7365 77 28 each
6041 7367 93 28 other
6151 7372 31 25 to
6202 7370 54 28 the
6272 7375 83 25 most
6370 7381 110 20 secure
6496 7383 88 27 spars
6600 7386 39 19 on
6657 7378 91 30 deck.
6795 7381 110 28 About

5822 7408 74 28 nine
5912 7408 121 28 o'clock
6061 7419 19 19 a
6107 7409 113 30 female
6247 7420 172 30 passenger
6433 7416 131 36 expired
6581 7419 82 28 from
6687 7430 157 28 exposure
6869 7427 35 25 to

5822 7450 55 27 tbe
5891 7450 83 33 cold,
5992 7450 102 28 which
6112 7460 61 19 was
6191 7461 72 27 very
6277 7455 135 28 intense.
6460 7457 69 28 The
6545 7466 50 20 sea
6611 7460 41 36 by
6668 7461 61 28 this
6748 7465 74 28 time
6839 7463 65 31 had

5820 7496 71 24 torn
5918 7501 87 25 away
6020 7491 54 28 the
6091 7493 142 28 bulwark
6249 7496 87 33 rails,
6351 7498 63 27 and
6444 7499 55 27 the
6526 7501 96 28 vessel
6639 7502 50 36 lay
6704 7506 115 28 almost
6838 7518 44 17 mo-

5820 7532 137 30 tionless.
6003 7532 129 38 Shortly
6157 7534 93 38 after,
6268 7535 54 28 the
6337 7539 71 28 surf
6420 7543 101 35 swept
6535 7550 88 30 away
6639 7545 55 30 the
6707 7546 169 38 jolly-boat
6893 7532 6 52 •

5819 7578 113 28 almost
5945 7575 272 41 instantaneously
6241 7578 187 33 afterwards
6444 7583 55 31 the
6515 7584 74 30 skiff
6613 7597 61 20 was
6701 7592 126 30 washed
6844 7602 57 24 out

5819 7622 35 30 of
5877 7622 55 28 the
5959 7619 173 38 long-boat,
6151 7622 65 28 and
6231 7625 118 30 turned
6376 7627 123 31 bottom
6524 7638 46 31 up
6592 7630 33 30 in
6654 7633 55 30 the
6732 7644 65 22 sea.
6844 7638 55 31 All

5819 7674 107 22 means
5940 7663 33 30 of
5992 7671 112 30 escape
6132 7674 82 20 were
6241 7677 72 20 now
6332 7674 189 38 apparently
6545 7679 33 27 at
6600 7685 43 20 an
6658 7677 85 38 end;
6769 7679 49 31 for
6846 7682 57 31 tha

5820 7710 161 38 long-boat
5998 7715 61 19 was
6085 7715 33 20 in
6134 7717 19 20 a
6169 7709 58 30 fair
6244 7721 68 30 way
6329 7717 35 28 of
6384 7718 65 30 also
6466 7720 94 39 being
6576 7723 124 30 washed
6717 7726 187 38 overboard,

5819 7754 63 30 and
5898 7753 39 30 all
5961 7751 61 30 had
6038 7751 83 28 their
6137 7761 71 28 eyes
6225 7757 117 31 turned
6359 7770 87 30 upon
6469 7764 68 38 her,
6551 7767 134 31 anxious
6699 7773 33 27 to
6750 7780 71 20 save
6838 7772 66 31 life.

5822 7800 27 28 A
5872 7805 77 31 poor
5964 7803 126 20 seaman
6102 7798 134 38 jumped
6260 7800 69 33 into
6356 7805 69 38 her,
6441 7808 33 30 in
6491 7811 94 30 order
6609 7816 31 27 to
6671 7814 91 33 make
6787 7827 19 19 a
6824 7827 76 30 rope

5819 7844 71 33 fast,
5904 7849 33 20 so
5951 7839 68 30 that
6046 7838 25 28 if
6085 7838 55 31 she
6156 7841 115 33 should
6298 7847 39 31 be
6354 7857 101 33 swept
6469 7863 88 31 away
6575 7858 55 30 she
6647 7860 104 30 would
6778 7861 36 30 be
6831 7863 66 30 still

5819 7893 107 24 secure
5948 7887 33 25 to
5997 7882 55 28 the
6077 7882 69 39 ship
6206 7887 30 28 \\
6252 7890 63 31 hile
6331 7893 41 30 he
6398 7906 65 20 was
6479 7901 195 41 performing
6701 7904 65 30 this
6780 7907 124 38 gallant

5817 7934 115 30 action,
5948 7934 85 30 away
6049 7932 85 24 went
6151 7929 55 30 the
6222 7932 165 39 long-boat
6403 7943 173 30 overboard
6606 7948 74 27 with
6699 7948 65 30 him
6781 7951 30 28 in
6833 7951 69 35 her,

5817 7973 85 38 nght
5917 7972 83 30 clear
6016 7970 33 28 of
6063 7970 55 30 the
6134 7975 109 31 vessel.
6282 7978 61 31 We
6356 7989 72 22 now
6444 7987 186 31 considered
6647 7992 69 30 that
6732 8003 58 19 our
6803 7995 98 30 hours

5819 8025 79 22 were
5912 8014 187 35 numbered,
6109 8017 65 30 and
6189 8020 93 31 made
6299 8024 55 30 the
6370 8027 71 30 best
6455 8028 36 30 of
6502 8039 60 19 our
6578 8041 66 30 way
6658 8036 68 28 into
6743 8038 54 28 the
6811 8038 71 33 long-

5817 8063 94 33 boat;
5932 8060 63 28 and
6022 8066 41 20 on
6088 8061 128 39 getting
6230 8065 137 33 forward
6383 8071 65 28 and
6463 8074 181 41 perceiving
6660 8077 69 30 that
6746 8079 55 31 the
6825 8082 76 30 boat

5817 8113 63 20 was
5904 8107 85 25 stove
6006 8110 43 27 in,
6066 8102 13 28 I
6098 8104 140 39 thought
6263 8110 25 30 it
6315 8117 82 25 most
6422 8115 142 36 prudent
6587 8123 35 24 to
6647 8126 110 25 return
6786 8128 35 25 to
6844 8126 55 30 the

5819 8148 113 30 wreck.
5978 8146 304 44 Notwithstanding,
6298 8154 49 28 six
6364 8164 83 27 men,
6463 8157 77 28 with
6556 8161 55 28 the
6627 8169 85 24 mate
6731 8164 54 31 Mr
6802 8167 87 33 Thos

5817 8192 102 31 Smith
5943 8191 63 30 and
6030 8200 17 19 a
6063 8191 71 39 boy,
6153 8198 55 31 got
6236 8197 68 28 into
6323 8198 55 28 the
6395 8198 85 36 boat,
6501 8202 157 43 although
6685 8208 41 38 by
6743 8208 63 33 this
6822 8192 80 52 tima*

5817 8238 54 30 she
5888 8244 63 22 was
5964 8235 61 28 fast
6039 8233 102 41 filling
6156 8238 77 30 with
6252 8244 107 27 water.
6406 8243 16 28 I
6438 8249 165 28 entreated
6620 8249 87 31 them
6726 8255 33 27 to
6775 8260 112 28 return

5817 8283 57 28 but
5891 8280 72 38 they
5978 8279 77 39 kept
6079 8279 118 43 calling
6213 8287 31 25 to
6261 8285 54 28 the
6331 8290 66 25 rest
6411 8288 36 28 of
6460 8288 54 30 the
6529 8299 85 22 crew
6630 8296 33 27 to
6680 8294 106 33 follow
6814 8301 87 33 their

5817 8324 143 39 example
5986 8323 63 30 and
6074 8323 44 30 let
6145 8334 41 28 go
6209 8326 55 30 the
6293 8329 134 36 painter.
6474 8332 71 31 The
6570 8345 76 22 men
6669 8340 98 33 bein*
6791 8350 110 30 nearly

5819 8369 143 43 perished
5978 8367 74 30 with
6069 8367 82 38 cold,
6165 8369 58 31 felt
6238 8381 43 19 no
6296 8373 186 38 disposition
6506 8383 33 25 to
6554 8389 102 30 move,
6671 8386 104 35 either
6792 8395 33 27 to
6849 8400 55 22 net

5819 8417 68 28 into
5912 8413 55 30 the
5981 8413 74 28 boat
6069 8420 36 20 or
6121 8413 107 31 loosen
6247 8416 54 30 the
6318 8425 87 31 rope,
6419 8422 66 30 and
6501 8425 55 30 the
6584 8433 85 27 mate
6688 8431 216 39 immediately

5820 8463 55 27 cut
5891 8463 36 31 it,
5940 8457 65 30 and
6028 8466 87 28 away
6142 8457 55 31 she
6214 8466 85 24 went
6317 8466 31 25 to
6376 8465 55 30 the
6447 8466 49 33 lee
6512 8471 36 30 of
6562 8471 54 33 the
6633 8476 83 39 ship,
6734 8482 137 33 without
6887 8496 19 19 a

5819 8502 99 39 single
5943 8510 55 20 oar
6025 8504 33 27 to
6082 8502 140 31 conduct
6238 8504 58 30 her
6323 8507 142 44 through
6482 8515 57 31 the
6564 8518 123 38 boiling
6709 8529 71 27 surf
6836 8529 71 27 Th«

5820 8548 66 28 first
5901 8556 83 19 wave
5998 8545 69 30 that
6082 8546 110 30 struck
6211 8548 52 31 the
6280 8551 76 33 boat
6370 8559 192 44 completely
6573 8570 118 30 turned
6709 8572 58 31 her
6781 8575 124 30 bottom

5819 8591 157 38 upwards,
5992 8589 63 30 and
6077 8591 55 30 the
6150 8592 102 31 whole
6266 8597 35 28 of
6315 8597 55 31 the
6384 8603 213 38 unfortunate
6617 8614 118 31 fellows
6751 8616 106 39 (eight
6872 8620 31 28 in

5819 8677 55 30 the
6009 8644 9 17 1
6074 8646 145 66 tZZ
6236 8641 93 71 T?
6343 8647 150 35 Peri9hed
6515 8655 115 33 WitWn
6767 8627 94 76 2*

5819 8683 55 24 tue
5901 8683 117 24 wreck.
6079 8683 44 27 lh
6126 8690 17 22 e
6169 8691 49 22 six
6246 8685 72 31 that
6343 8699 74 22 now
6444 8699 164 33 remained
6636 8712 41 20 on
6704 8706 99 30 board
6831 8707 74 30 took

5819 8721 109 41 refuge
5943 8732 35 19 in
6005 8723 55 31 the
6085 8726 301 46 after-companion,
6402 8739 58 31 but
6485 8743 82 31 from
6584 8746 63 30 this
6663 8753 71 28 spot
6762 8759 46 22 we
6825 8717 80 63 wTrc

6181 8773 82 33 deck
6280 8781 104 36 partin
6389 8792 22 30 S
6419 8784 85 33 frora
6521 8789 54 31 the
6586 8792 146 31 larboard
6743 8795 66 30 side
6824 8795 83 30 after

5820 8819 146 33 carrying
5992 8814 76 30 with
6094 8820 27 27 it
6145 8817 55 31 the
6230 8825 165 33 starboard
6420 8830 79 33 side.
6546 8835 157 43 Instantly
6721 8849 46 20 we
6784 8838 121 39 pushed

5822 8855 146 39 forward,
5984 8858 85 31 little
6083 8869 172 38 expecting
6271 8869 72 31 that
6362 8882 44 22 we
6422 8876 115 33 should
6564 8885 83 27 meet
6671 8883 77 28 with
6775 8883 132 30 another

5822 8902 121 41 refuge,
5967 8904 106 31 winch
6096 8917 47 22 we
6170 8910 55 31 did
6249 8923 79 22 near
6351 8918 55 33 the
6435 8923 165 31 forecastle
6619 8928 104 36 again.
6770 8928 66 28 But
6860 8934 47 19 wo

5827 8957 80 20 were
5921 8959 80 22 once
6017 8961 87 24 more
6120 8953 109 35 forced
6246 8962 33 27 to
6293 8961 54 39 fly,
6361 8967 106 38 owing
6482 8972 33 25 to
6532 8969 54 30 the
6600 8970 82 30 deck
6698 8970 151 36 breaking
6863 8975 44 28 up

5825 8998 63 25 and
5918 8998 55 28 the
5995 8998 150 31 foremast
6159 9000 112 44 falling
6296 9016 76 22 over
6387 9009 54 31 the
6469 9013 162 30 starboard
6658 9014 79 28 bow.
6784 9014 43 27 At
6844 9009 61 28 this

5827 9039 107 38 perioa
5954 9050 44 20 we
6022 9044 94 30 saved
6143 9049 159 33 ourselves
6326 9052 33 30 in
6387 9063 19 20 a
6431 9055 85 38 truly
6542 9057 189 28 miraculous
6753 9060 153 25 manner;

5827 9085 98 30 about
5940 9088 194 38 twenty-five
6159 9091 63 31 feet
6238 9094 33 30 of
6287 9096 52 30 the
6356 9098 82 30 deck
6452 9099 87 30 abaft
6554 9099 52 28 the
6633 9096 145 27 windlass
6791 9093 113 36 parted

5828 9129 82 30 from
5926 9129 55 33 the
5998 9134 117 39 wreck,
6124 9137 63 30 and
6205 9148 85 28 upon
6306 9142 71 28 that
6394 9151 44 19 we
6452 9140 110 38 placed
6578 9137 154 28 ourselves
6743 9134 63 28 and
6825 9143 80 20 were

5830 9173 115 33 floated
5970 9176 142 41 through
6126 9192 19 19 a
6162 9184 202 28 tremendous
6380 9192 50 19 sea
6452 9181 63 30 safe
6531 9180 120 28 ashore.
6696 9175 61 31 We
6773 9186 82 22 were
6871 9178 33 30 in

5830 9230 19 19 a
5879 9225 82 27 most
5978 9224 129 36 pitiable
6134 9225 173 33 condition,
6324 9227 63 28 and
6414 9222 134 30 reduced
6567 9224 30 24 to
6624 9227 17 20 a
6658 9222 80 27 state
6765 9220 36 28 of
6814 9228 93 31 great

5831 9265 200 31 exhaustion.
6082 9266 58 31 We
6156 9277 80 19 were
6252 9268 109 35 kindly
6375 9263 137 30 received
6529 9261 38 33 by
6584 9260 54 30 the
6655 9263 169 36 wreckers,
6836 9268 72 28 who

5831 9310 157 35 procured
6016 9321 36 19 us
6069 9321 17 19 a
6101 9312 120 27 shelter
6247 9310 30 27 in
6306 9318 17 19 a
6340 9307 106 30 house,
6460 9304 36 27 of
6510 9302 101 30 which
6630 9304 88 30 there
6735 9315 83 24 were
6844 9315 63 27 two

5831 9361 38 20 or
5883 9353 91 30 three
5989 9354 41 28 <5n
6044 9353 54 28 tho
6112 9353 113 28 island.
6271 9351 66 27 The
6351 9346 123 28 French
6485 9345 216 33 Government
6718 9350 80 35 have
6811 9354 99 33 taken

5831 9397 117 36 charge
5964 9397 33 28 of
6013 9397 68 28 that
6107 9400 71 31 part
6194 9395 35 25 of
6241 9394 57 27 her
6318 9400 94 27 cargo
6441 9391 69 28 that
6537 9391 55 28 has
6619 9394 80 31 been
6728 9403 183 35 recovored,

5831 9439 63 28 and
5923 9439 101 30 which
6041 9438 72 36 they
6128 9436 109 28 intend
6263 9438 33 25 to
6312 9433 55 30 sell
6384 9433 49 30 for
6450 9433 52 31 the
6520 9435 118 35 benefit
6663 9439 35 31 of
6712 9441 57 35 the
6794 9447 117 31 under*

5835 9482 129 28 writers.
